<?xml version="1.0" encoding="UTF-8"?>
<!DOCTYPE html PUBLIC "-//W3C//DTD XHTML 1.0 Transitional//EN"
    "http://www.w3.org/TR/xhtml1/DTD/xhtml1-transitional.dtd">
<html xmlns="http://www.w3.org/1999/xhtml" xml:lang="en" lang="en">
 <head>
  <title>
</title>
<meta http-equiv="Content-Type" content="text/html;charset=utf-8" />
  <meta name='ocr-system' content='tesseract 3.04.00' />
  <meta name='ocr-capabilities' content='ocr_page ocr_carea ocr_par ocr_line ocrx_word'/>
</head>
<body>
  <div class='ocr_page' id='page_1' title='image "./p1scriptaquaeman13ciceuoft_0187.png"; bbox 0 0 2046 3138; ppageno 0'>
   <div class='ocr_carea' id='block_1_1' title="bbox 37 136 1818 214">
    <p class='ocr_par' dir='ltr' id='par_1_1' title="bbox 37 136 1818 214">
     <span class='ocr_line' id='line_1_1' title="bbox 37 136 1818 214; baseline 0.006 -31"><span class='ocrx_word' id='word_1_1' title='bbox 37 141 66 192; x_wconf 85' lang='lat'>§</span> <span class='ocrx_word' id='word_1_2' title='bbox 91 141 267 184; x_wconf 86' lang='grc'><strong>22-26</strong></span> <span class='ocrx_word' id='word_1_3' title='bbox 395 202 397 204; x_wconf 21' lang='lat'>¹</span> <span class='ocrx_word' id='word_1_4' title='bbox 544 137 631 184; x_wconf 88' lang='lat' dir='ltr'><strong>DE</strong></span> <span class='ocrx_word' id='word_1_5' title='bbox 662 136 916 185; x_wconf 85' lang='lat' dir='ltr'>FINIBUS</span> <span class='ocrx_word' id='word_1_6' title='bbox 948 136 1098 184; x_wconf 89' lang='lat' dir='ltr'><strong>BON.</strong></span> <span class='ocrx_word' id='word_1_7' title='bbox 1132 137 1211 185; x_wconf 87' lang='lat' dir='ltr'><strong>ET</strong></span> <span class='ocrx_word' id='word_1_8' title='bbox 1242 136 1396 214; x_wconf 83' lang='lat' dir='ltr'><strong>MAL.</strong></span> <span class='ocrx_word' id='word_1_9' title='bbox 1718 144 1818 193; x_wconf 84' lang='lat'><strong>167</strong></span> 
     </span>
    </p>
   </div>
   <div class='ocr_carea' id='block_1_2' title="bbox 51 275 1818 2641">
    <p class='ocr_par' dir='ltr' id='par_1_2' title="bbox 51 275 1818 2641">
     <span class='ocr_line' id='line_1_2' title="bbox 126 275 1818 340; baseline -0.002 -12"><span class='ocrx_word' id='word_1_10' title='bbox 126 282 186 327; x_wconf 92' lang='lat' dir='ltr'><strong>ut</strong></span> <span class='ocrx_word' id='word_1_11' title='bbox 222 281 512 328; x_wconf 89' lang='lat' dir='ltr'><strong>conservet</strong></span> <span class='ocrx_word' id='word_1_12' title='bbox 547 282 714 340; x_wconf 92' lang='lat' dir='ltr'><strong>atque</strong></span> <span class='ocrx_word' id='word_1_13' title='bbox 748 277 825 328; x_wconf 90' lang='lat' dir='ltr'><strong>ita</strong></span> <span class='ocrx_word' id='word_1_14' title='bbox 859 277 931 329; x_wconf 89' lang='lat' dir='ltr'><strong>sit</strong></span> <span class='ocrx_word' id='word_1_15' title='bbox 965 275 1251 334; x_wconf 79' lang='lat' dir='ltr'><strong>affectum,</strong></span> <span class='ocrx_word' id='word_1_16' title='bbox 1285 280 1346 327; x_wconf 93' lang='lat' dir='ltr'><strong>ut</strong></span> <span class='ocrx_word' id='word_1_17' title='bbox 1381 275 1589 339; x_wconf 90' lang='lat' dir='ltr'><strong>optime</strong></span> <span class='ocrx_word' id='word_1_18' title='bbox 1625 289 1818 326; x_wconf 89' lang='lat' dir='ltr'><strong>secun-</strong></span> 
     </span>
     <span class='ocr_line' id='line_1_3' title="bbox 127 349 1818 413; baseline -0.001 -12"><span class='ocrx_word' id='word_1_19' title='bbox 127 351 258 401; x_wconf 92' lang='lat' dir='ltr'><strong>dum</strong></span> <span class='ocrx_word' id='word_1_20' title='bbox 306 356 562 403; x_wconf 90' lang='lat' dir='ltr'><strong>naturam</strong></span> <span class='ocrx_word' id='word_1_21' title='bbox 610 350 879 403; x_wconf 83' lang='lat' dir='ltr'><strong>affectum</strong></span> <span class='ocrx_word' id='word_1_22' title='bbox 925 364 1048 402; x_wconf 91' lang='lat' dir='ltr'><strong>esse</strong></span> <span class='ocrx_word' id='word_1_23' title='bbox 1094 351 1288 413; x_wconf 86' lang='lat' dir='ltr'><strong>possit.</strong></span> <span class='ocrx_word' id='word_1_24' title='bbox 1347 349 1490 401; x_wconf 90' lang='lat' dir='ltr'><strong>hanc</strong></span> <span class='ocrx_word' id='word_1_25' title='bbox 1534 350 1691 401; x_wconf 92' lang='lat' dir='ltr'><strong>initio</strong></span> <span class='ocrx_word' id='word_1_26' title='bbox 1738 350 1818 399; x_wconf 87' lang='lat' dir='ltr'><strong>in-</strong></span> 
     </span>
     <span class='ocr_line' id='line_1_4' title="bbox 127 425 1817 483; baseline -0.001 -7"><span class='ocrx_word' id='word_1_27' title='bbox 127 426 470 476; x_wconf 86' lang='lat' dir='ltr'><strong>stitutionem</strong></span> <span class='ocrx_word' id='word_1_28' title='bbox 518 425 810 476; x_wconf 78' lang='lat' dir='ltr'><strong>confusam</strong></span> <span class='ocrx_word' id='word_1_29' title='bbox 857 425 1025 476; x_wconf 92' lang='lat' dir='ltr'><strong>habet</strong></span> <span class='ocrx_word' id='word_1_30' title='bbox 1069 430 1123 476; x_wconf 88' lang='lat' dir='ltr'><strong>et</strong></span> <span class='ocrx_word' id='word_1_31' title='bbox 1167 425 1448 483; x_wconf 85' lang='lat' dir='ltr'><strong>incertam,</strong></span> <span class='ocrx_word' id='word_1_32' title='bbox 1496 429 1556 476; x_wconf 92' lang='lat' dir='ltr'><strong>ut</strong></span> <span class='ocrx_word' id='word_1_33' title='bbox 1602 429 1817 475; x_wconf 90' lang='lat' dir='ltr'><strong>tantum</strong></span> 
     </span>
     <span class='ocr_line' id='line_1_5' title="bbox 125 498 1818 563; baseline 0 -13"><span class='ocrx_word' id='word_1_34' title='bbox 125 499 294 551; x_wconf 90' lang='lat' dir='ltr'><strong>modo</strong></span> <span class='ocrx_word' id='word_1_35' title='bbox 338 513 397 550; x_wconf 88' lang='lat' dir='ltr'><strong>se</strong></span> <span class='ocrx_word' id='word_1_36' title='bbox 439 505 673 558; x_wconf 91' lang='lat' dir='ltr'><strong>tueatur,</strong></span> <span class='ocrx_word' id='word_1_37' title='bbox 716 499 1117 563; x_wconf 85' lang='lat' dir='ltr'>qualecumque</span> <span class='ocrx_word' id='word_1_38' title='bbox 1159 500 1244 558; x_wconf 91' lang='lat' dir='ltr'><strong>sit,</strong></span> <span class='ocrx_word' id='word_1_39' title='bbox 1288 498 1386 550; x_wconf 90' lang='lat' dir='ltr'><strong>sed</strong></span> <span class='ocrx_word' id='word_1_40' title='bbox 1427 513 1530 551; x_wconf 89' lang='lat' dir='ltr'><strong>nec</strong></span> <span class='ocrx_word' id='word_1_41' title='bbox 1570 498 1704 562; x_wconf 92' lang='lat' dir='ltr'><strong>quid</strong></span> <span class='ocrx_word' id='word_1_42' title='bbox 1747 499 1818 550; x_wconf 88' lang='lat' dir='ltr'><strong>sit</strong></span> 
     </span>
     <span class='ocr_line' id='line_1_6' title="bbox 79 572 1816 637; baseline -0.001 -13"><span class='ocrx_word' id='word_1_43' title='bbox 79 590 101 624; x_wconf 90' lang='lat'>5</span> <span class='ocrx_word' id='word_1_44' title='bbox 125 587 226 625; x_wconf 92' lang='lat' dir='ltr'><strong>nec</strong></span> <span class='ocrx_word' id='word_1_45' title='bbox 263 574 394 637; x_wconf 90' lang='lat' dir='ltr'><strong>quid</strong></span> <span class='ocrx_word' id='word_1_46' title='bbox 438 574 617 637; x_wconf 90' lang='lat' dir='ltr'><strong>possit</strong></span> <span class='ocrx_word' id='word_1_47' title='bbox 653 587 756 625; x_wconf 92' lang='lat' dir='ltr'><strong>nec</strong></span> <span class='ocrx_word' id='word_1_48' title='bbox 793 573 926 637; x_wconf 93' lang='lat' dir='ltr'><strong>quid</strong></span> <span class='ocrx_word' id='word_1_49' title='bbox 966 574 1144 637; x_wconf 88' lang='lat' dir='ltr'><strong>ipsius</strong></span> <span class='ocrx_word' id='word_1_50' title='bbox 1182 579 1382 625; x_wconf 91' lang='lat' dir='ltr'><strong>natura</strong></span> <span class='ocrx_word' id='word_1_51' title='bbox 1421 574 1491 624; x_wconf 93' lang='lat' dir='ltr'><strong>sit</strong></span> <span class='ocrx_word' id='word_1_52' title='bbox 1529 572 1816 636; x_wconf 86' lang='lat' dir='ltr'><strong>intellegit.</strong></span> 
     </span>
     <span class='ocr_line' id='line_1_7' title="bbox 125 647 1814 712; baseline 0 -14"><span class='ocrx_word' id='word_1_53' title='bbox 125 662 247 699; x_wconf 91' lang='lat' dir='ltr'><strong>cum</strong></span> <span class='ocrx_word' id='word_1_54' title='bbox 295 654 480 699; x_wconf 92' lang='lat' dir='ltr'><strong>autem</strong></span> <span class='ocrx_word' id='word_1_55' title='bbox 528 648 801 711; x_wconf 88' lang='lat' dir='ltr'><strong>processit</strong></span> <span class='ocrx_word' id='word_1_56' title='bbox 845 647 1075 711; x_wconf 90' lang='lat' dir='ltr'><strong>paulum</strong></span> <span class='ocrx_word' id='word_1_57' title='bbox 1121 653 1176 699; x_wconf 88' lang='lat' dir='ltr'><strong>et</strong></span> <span class='ocrx_word' id='word_1_58' title='bbox 1222 653 1496 712; x_wconf 88' lang='lat' dir='ltr'><strong>quatenus</strong></span> <span class='ocrx_word' id='word_1_59' title='bbox 1554 647 1814 711; x_wconf 87' lang='lat' dir='ltr'><strong>quicquid</strong></span> 
     </span>
     <span class='ocr_line' id='line_1_8' title="bbox 125 722 1816 786; baseline -0.001 -12"><span class='ocrx_word' id='word_1_60' title='bbox 125 737 183 774; x_wconf 85' lang='lat' dir='ltr'><strong>se</strong></span> <span class='ocrx_word' id='word_1_61' title='bbox 219 723 457 786; x_wconf 87' lang='lat' dir='ltr'><strong>attingat</strong></span> <span class='ocrx_word' id='word_1_62' title='bbox 493 722 565 773; x_wconf 92' lang='lat' dir='ltr'><strong>ad</strong></span> <span class='ocrx_word' id='word_1_63' title='bbox 602 736 772 786; x_wconf 91' lang='lat' dir='ltr'><strong>seque</strong></span> <span class='ocrx_word' id='word_1_64' title='bbox 807 722 1079 786; x_wconf 86' lang='lat' dir='ltr'><strong>pertineat</strong></span> <span class='ocrx_word' id='word_1_65' title='bbox 1117 723 1430 785; x_wconf 87' lang='lat' dir='ltr'><strong>perspicere</strong></span> <span class='ocrx_word' id='word_1_66' title='bbox 1465 723 1662 785; x_wconf 88' lang='lat' dir='ltr'><strong>coepit,</strong></span> <span class='ocrx_word' id='word_1_67' title='bbox 1698 727 1816 773; x_wconf 90' lang='lat' dir='ltr'><strong>tum</strong></span> 
     </span>
     <span class='ocr_line' id='line_1_9' title="bbox 124 795 1817 860; baseline -0.001 -12"><span class='ocrx_word' id='word_1_68' title='bbox 124 797 327 848; x_wconf 89' lang='lat' dir='ltr'><strong>sensim</strong></span> <span class='ocrx_word' id='word_1_69' title='bbox 375 797 567 860; x_wconf 90' lang='lat' dir='ltr'><strong>incipit</strong></span> <span class='ocrx_word' id='word_1_70' title='bbox 614 796 876 860; x_wconf 88' lang='lat' dir='ltr'><strong>progredi</strong></span> <span class='ocrx_word' id='word_1_71' title='bbox 923 810 1156 860; x_wconf 88' lang='lat' dir='ltr'><strong>seseque</strong></span> <span class='ocrx_word' id='word_1_72' title='bbox 1200 810 1504 860; x_wconf 84' lang='lat' dir='ltr'><strong>agnoscere</strong></span> <span class='ocrx_word' id='word_1_73' title='bbox 1550 802 1604 848; x_wconf 93' lang='lat' dir='ltr'><strong>et</strong></span> <span class='ocrx_word' id='word_1_74' title='bbox 1659 795 1817 848; x_wconf 90' lang='lat' dir='ltr'><strong>intel-</strong></span> 
     </span>
     <span class='ocr_line' id='line_1_10' title="bbox 122 871 1816 935; baseline -0.001 -13"><span class='ocrx_word' id='word_1_75' title='bbox 122 871 306 935; x_wconf 84' lang='lat' dir='ltr'><strong>legere</strong></span> <span class='ocrx_word' id='word_1_76' title='bbox 346 885 511 935; x_wconf 90' lang='lat' dir='ltr'><strong>quam</strong></span> <span class='ocrx_word' id='word_1_77' title='bbox 552 871 624 922; x_wconf 92' lang='lat' dir='ltr'><strong>ob</strong></span> <span class='ocrx_word' id='word_1_78' title='bbox 663 885 890 922; x_wconf 91' lang='lat' dir='ltr'><strong>causam</strong></span> <span class='ocrx_word' id='word_1_79' title='bbox 928 871 1131 923; x_wconf 92' lang='lat' dir='ltr'><strong>habeat</strong></span> <span class='ocrx_word' id='word_1_80' title='bbox 1170 885 1312 930; x_wconf 90' lang='lat' dir='ltr'><strong>eum,</strong></span> <span class='ocrx_word' id='word_1_81' title='bbox 1353 885 1516 934; x_wconf 92' lang='lat' dir='ltr'><strong>quem</strong></span> <span class='ocrx_word' id='word_1_82' title='bbox 1557 871 1816 929; x_wconf 88' lang='lat' dir='ltr'><strong>diximus,</strong></span> 
     </span>
     <span class='ocr_line' id='line_1_11' title="bbox 57 946 1818 1010; baseline -0.001 -13"><span class='ocrx_word' id='word_1_83' title='bbox 57 962 100 997; x_wconf 84' lang='grc' dir='ltr'><strong>ιο</strong></span> <span class='ocrx_word' id='word_1_84' title='bbox 123 947 291 996; x_wconf 90' lang='lat' dir='ltr'><strong>animi</strong></span> <span class='ocrx_word' id='word_1_85' title='bbox 321 947 631 1010; x_wconf 89' lang='lat' dir='ltr'><strong>appetitum</strong></span> <span class='ocrx_word' id='word_1_86' title='bbox 664 950 995 1009; x_wconf 90' lang='lat' dir='ltr'><strong>coeptatque</strong></span> <span class='ocrx_word' id='word_1_87' title='bbox 1024 951 1079 997; x_wconf 91' lang='lat' dir='ltr'><strong>et</strong></span> <span class='ocrx_word' id='word_1_88' title='bbox 1106 960 1187 1004; x_wconf 89' lang='lat' dir='ltr'><strong>ea,</strong></span> <span class='ocrx_word' id='word_1_89' title='bbox 1220 960 1361 1009; x_wconf 90' lang='lat' dir='ltr'><strong>quae</strong></span> <span class='ocrx_word' id='word_1_90' title='bbox 1390 950 1622 998; x_wconf 89' lang='lat' dir='ltr'><strong>naturae</strong></span> <span class='ocrx_word' id='word_1_91' title='bbox 1652 946 1818 997; x_wconf 87' lang='lat' dir='ltr'><strong>sentit</strong></span> 
     </span>
     <span class='ocr_line' id='line_1_12' title="bbox 122 1019 1815 1084; baseline -0.001 -13"><span class='ocrx_word' id='word_1_92' title='bbox 122 1026 268 1084; x_wconf 90' lang='lat' dir='ltr'><strong>apta,</strong></span> <span class='ocrx_word' id='word_1_93' title='bbox 322 1026 585 1084; x_wconf 88' lang='lat' dir='ltr'><strong>appetere</strong></span> <span class='ocrx_word' id='word_1_94' title='bbox 639 1026 694 1072; x_wconf 90' lang='lat' dir='ltr'><strong>et</strong></span> <span class='ocrx_word' id='word_1_95' title='bbox 747 1019 1077 1084; x_wconf 89' lang='lat' dir='ltr'><strong>propulsare</strong></span> <span class='ocrx_word' id='word_1_96' title='bbox 1130 1021 1419 1072; x_wconf 89' lang='lat' dir='ltr'><strong>contraria.</strong></span> <span class='ocrx_word' id='word_1_97' title='bbox 1475 1034 1610 1084; x_wconf 86' lang='lat' dir='ltr'><strong>ergo</strong></span> <span class='ocrx_word' id='word_1_98' title='bbox 1664 1020 1815 1071; x_wconf 92' lang='lat' dir='ltr'><strong>omni</strong></span> 
     </span>
     <span class='ocr_line' id='line_1_13' title="bbox 121 1094 1813 1158; baseline 0 -13"><span class='ocrx_word' id='word_1_99' title='bbox 121 1094 347 1146; x_wconf 89' lang='lat' dir='ltr'><strong>animali</strong></span> <span class='ocrx_word' id='word_1_100' title='bbox 386 1094 540 1153; x_wconf 91' lang='lat' dir='ltr'><strong>illud,</strong></span> <span class='ocrx_word' id='word_1_101' title='bbox 582 1095 732 1158; x_wconf 91' lang='lat' dir='ltr'><strong>quod</strong></span> <span class='ocrx_word' id='word_1_102' title='bbox 770 1095 1000 1158; x_wconf 87' lang='lat' dir='ltr'><strong>appetit,</strong></span> <span class='ocrx_word' id='word_1_103' title='bbox 1038 1095 1284 1158; x_wconf 90' lang='lat' dir='ltr'><strong>positum</strong></span> <span class='ocrx_word' id='word_1_104' title='bbox 1324 1100 1408 1146; x_wconf 89' lang='lat' dir='ltr'><strong>est</strong></span> <span class='ocrx_word' id='word_1_105' title='bbox 1446 1096 1501 1144; x_wconf 93' lang='lat' dir='ltr'><strong>in</strong></span> <span class='ocrx_word' id='word_1_106' title='bbox 1540 1109 1622 1153; x_wconf 91' lang='lat' dir='ltr'><strong>eo,</strong></span> <span class='ocrx_word' id='word_1_107' title='bbox 1663 1095 1813 1158; x_wconf 94' lang='lat' dir='ltr'><strong>quod</strong></span> 
     </span>
     <span class='ocr_line' id='line_1_14' title="bbox 120 1169 1817 1222; baseline -0.001 -2"><span class='ocrx_word' id='word_1_108' title='bbox 120 1175 351 1221; x_wconf 87' lang='lat' dir='ltr'><strong>naturae</strong></span> <span class='ocrx_word' id='word_1_109' title='bbox 384 1175 468 1222; x_wconf 91' lang='lat' dir='ltr'><strong>est</strong></span> <span class='ocrx_word' id='word_1_110' title='bbox 503 1169 1001 1221; x_wconf 90' lang='lat' dir='ltr'><strong>accommodatum.</strong></span> <span class='ocrx_word' id='word_1_111' title='bbox 1046 1170 1123 1220; x_wconf 89' lang='lat' dir='ltr'><strong>ita</strong></span> <span class='ocrx_word' id='word_1_112' title='bbox 1155 1169 1287 1220; x_wconf 82' lang='lat' dir='ltr'><strong>finis</strong></span> <span class='ocrx_word' id='word_1_113' title='bbox 1322 1169 1596 1220; x_wconf 89' lang='lat' dir='ltr'><strong>bonorum</strong></span> <span class='ocrx_word' id='word_1_114' title='bbox 1630 1169 1817 1221; x_wconf 87' lang='lat' dir='ltr'><strong>existit</strong></span> 
     </span>
     <span class='ocr_line' id='line_1_15' title="bbox 122 1243 1815 1306; baseline -0.001 -11"><span class='ocrx_word' id='word_1_115' title='bbox 122 1244 427 1295; x_wconf 88' lang='lat' dir='ltr'><strong>secundum</strong></span> <span class='ocrx_word' id='word_1_116' title='bbox 478 1250 734 1296; x_wconf 86' lang='lat' dir='ltr'><strong>naturam</strong></span> <span class='ocrx_word' id='word_1_117' title='bbox 786 1245 975 1295; x_wconf 88' lang='lat' dir='ltr'><strong>vivere</strong></span> <span class='ocrx_word' id='word_1_118' title='bbox 1028 1244 1108 1295; x_wconf 89' lang='lat' dir='ltr'><strong>sic</strong></span> <span class='ocrx_word' id='word_1_119' title='bbox 1157 1243 1441 1302; x_wconf 78' lang='lat' dir='ltr'><strong>affectum,</strong></span> <span class='ocrx_word' id='word_1_120' title='bbox 1495 1249 1556 1295; x_wconf 87' lang='lat' dir='ltr'><strong>ut</strong></span> <span class='ocrx_word' id='word_1_121' title='bbox 1607 1244 1815 1306; x_wconf 90' lang='lat' dir='ltr'><strong>optime</strong></span> 
     </span>
     <span class='ocr_line' id='line_1_16' title="bbox 55 1318 1816 1382; baseline -0.001 -11"><span class='ocrx_word' id='word_1_122' title='bbox 55 1337 98 1371; x_wconf 88' lang='lat'><strong>15</strong></span> <span class='ocrx_word' id='word_1_123' title='bbox 120 1318 275 1370; x_wconf 81' lang='lat' dir='ltr'><strong>affici</strong></span> <span class='ocrx_word' id='word_1_124' title='bbox 309 1319 488 1382; x_wconf 90' lang='lat' dir='ltr'><strong>possit</strong></span> <span class='ocrx_word' id='word_1_125' title='bbox 522 1318 594 1370; x_wconf 91' lang='lat' dir='ltr'><strong>ad</strong></span> <span class='ocrx_word' id='word_1_126' title='bbox 626 1324 994 1382; x_wconf 87' lang='lat' dir='ltr'><strong>naturamque</strong></span> <span class='ocrx_word' id='word_1_127' title='bbox 1026 1319 1620 1370; x_wconf 88' lang='lat' dir='ltr'><strong>accommodatissime.</strong></span> <span class='ocrx_word' id='word_1_128' title='bbox 1667 1318 1816 1375; x_wconf 90' lang='lat' dir='ltr'><strong>Quo-</strong></span> 
     </span>
     <span class='ocr_line' id='line_1_17' title="bbox 119 1393 1814 1457; baseline 0 -13"><span class='ocrx_word' id='word_1_129' title='bbox 119 1393 268 1444; x_wconf 88' lang='lat' dir='ltr'><strong>niam</strong></span> <span class='ocrx_word' id='word_1_130' title='bbox 291 1399 478 1445; x_wconf 90' lang='lat' dir='ltr'><strong>autem</strong></span> <span class='ocrx_word' id='word_1_131' title='bbox 505 1408 608 1445; x_wconf 90' lang='lat' dir='ltr'><strong>sua</strong></span> <span class='ocrx_word' id='word_1_132' title='bbox 632 1394 898 1457; x_wconf 90' lang='lat' dir='ltr'><strong>cuiusque</strong></span> <span class='ocrx_word' id='word_1_133' title='bbox 922 1394 1220 1445; x_wconf 89' lang='lat' dir='ltr'><strong>animantis</strong></span> <span class='ocrx_word' id='word_1_134' title='bbox 1246 1399 1445 1445; x_wconf 92' lang='lat' dir='ltr'><strong>natura</strong></span> <span class='ocrx_word' id='word_1_135' title='bbox 1467 1398 1566 1452; x_wconf 90' lang='lat' dir='ltr'><strong>est,</strong></span> <span class='ocrx_word' id='word_1_136' title='bbox 1588 1406 1814 1445; x_wconf 90' lang='lat' dir='ltr'><strong>necesse</strong></span> 
     </span>
     <span class='ocr_line' id='line_1_18' title="bbox 120 1469 1815 1533; baseline -0.001 -13"><span class='ocrx_word' id='word_1_137' title='bbox 120 1474 205 1520; x_wconf 87' lang='lat' dir='ltr'><strong>est</strong></span> <span class='ocrx_word' id='word_1_138' title='bbox 245 1469 416 1520; x_wconf 79' lang='lat' dir='ltr'><strong>finem</strong></span> <span class='ocrx_word' id='word_1_139' title='bbox 461 1483 682 1533; x_wconf 90' lang='lat' dir='ltr'><strong>quoque</strong></span> <span class='ocrx_word' id='word_1_140' title='bbox 724 1470 972 1521; x_wconf 91' lang='lat' dir='ltr'><strong>omnium</strong></span> <span class='ocrx_word' id='word_1_141' title='bbox 1013 1469 1162 1520; x_wconf 91' lang='lat' dir='ltr'><strong>hunc</strong></span> <span class='ocrx_word' id='word_1_142' title='bbox 1201 1482 1340 1527; x_wconf 85' lang='lat' dir='ltr'><strong>esse,</strong></span> <span class='ocrx_word' id='word_1_143' title='bbox 1382 1474 1442 1520; x_wconf 95' lang='lat' dir='ltr'><strong>ut</strong></span> <span class='ocrx_word' id='word_1_144' title='bbox 1482 1474 1682 1520; x_wconf 88' lang='lat' dir='ltr'><strong>natura</strong></span> <span class='ocrx_word' id='word_1_145' title='bbox 1722 1483 1815 1520; x_wconf 87' lang='lat' dir='ltr'><strong>ex-</strong></span> 
     </span>
     <span class='ocr_line' id='line_1_19' title="bbox 120 1543 1814 1607; baseline 0 -13"><span class='ocrx_word' id='word_1_146' title='bbox 120 1543 337 1606; x_wconf 91' lang='lat' dir='ltr'><strong>pleatur</strong></span> <span class='ocrx_word' id='word_1_147' title='bbox 373 1572 435 1579; x_wconf 89' lang='lat'>—</span> <span class='ocrx_word' id='word_1_148' title='bbox 470 1544 605 1595; x_wconf 91' lang='lat' dir='ltr'><strong>nihil</strong></span> <span class='ocrx_word' id='word_1_149' title='bbox 641 1545 786 1595; x_wconf 90' lang='lat' dir='ltr'><strong>enim</strong></span> <span class='ocrx_word' id='word_1_150' title='bbox 823 1544 1079 1607; x_wconf 93' lang='lat' dir='ltr'><strong>prohibet</strong></span> <span class='ocrx_word' id='word_1_151' title='bbox 1116 1544 1391 1607; x_wconf 88' lang='lat' dir='ltr'><strong>quaedam</strong></span> <span class='ocrx_word' id='word_1_152' title='bbox 1426 1557 1550 1595; x_wconf 88' lang='lat' dir='ltr'><strong>esse</strong></span> <span class='ocrx_word' id='word_1_153' title='bbox 1585 1549 1639 1595; x_wconf 92' lang='lat' dir='ltr'><strong>et</strong></span> <span class='ocrx_word' id='word_1_154' title='bbox 1675 1544 1814 1595; x_wconf 90' lang='lat' dir='ltr'><strong>inter</strong></span> 
     </span>
     <span class='ocr_line' id='line_1_20' title="bbox 121 1617 1814 1682; baseline 0 -14"><span class='ocrx_word' id='word_1_155' title='bbox 121 1631 179 1668; x_wconf 85' lang='lat' dir='ltr'><strong>se</strong></span> <span class='ocrx_word' id='word_1_156' title='bbox 230 1618 564 1670; x_wconf 86' lang='lat' dir='ltr'><strong>animalibus</strong></span> <span class='ocrx_word' id='word_1_157' title='bbox 617 1618 845 1682; x_wconf 92' lang='lat' dir='ltr'><strong>reliquis</strong></span> <span class='ocrx_word' id='word_1_158' title='bbox 894 1624 949 1670; x_wconf 88' lang='lat' dir='ltr'><strong>et</strong></span> <span class='ocrx_word' id='word_1_159' title='bbox 1000 1632 1123 1669; x_wconf 89' lang='lat' dir='ltr'><strong>cum</strong></span> <span class='ocrx_word' id='word_1_160' title='bbox 1176 1618 1369 1670; x_wconf 94' lang='lat' dir='ltr'><strong>bestiis</strong></span> <span class='ocrx_word' id='word_1_161' title='bbox 1419 1617 1629 1669; x_wconf 92' lang='lat' dir='ltr'><strong>homini</strong></span> <span class='ocrx_word' id='word_1_162' title='bbox 1668 1631 1814 1669; x_wconf 91' lang='lat' dir='ltr'><strong>com-</strong></span> 
     </span>
     <span class='ocr_line' id='line_1_21' title="bbox 51 1693 1813 1756; baseline -0.001 -13"><span class='ocrx_word' id='word_1_163' title='bbox 51 1693 322 1750; x_wconf 89' lang='lat' dir='ltr'><strong>20munia,</strong></span> <span class='ocrx_word' id='word_1_164' title='bbox 374 1693 637 1756; x_wconf 92' lang='lat' dir='ltr'><strong>quoniam</strong></span> <span class='ocrx_word' id='word_1_165' title='bbox 689 1693 938 1745; x_wconf 91' lang='lat' dir='ltr'><strong>omnium</strong></span> <span class='ocrx_word' id='word_1_166' title='bbox 989 1698 1073 1744; x_wconf 89' lang='lat' dir='ltr'><strong>est</strong></span> <span class='ocrx_word' id='word_1_167' title='bbox 1122 1698 1321 1744; x_wconf 85' lang='lat' dir='ltr'><strong>natura</strong></span> <span class='ocrx_word' id='word_1_168' title='bbox 1374 1693 1683 1750; x_wconf 83' lang='lat' dir='ltr'><strong>communis</strong></span> <span class='ocrx_word' id='word_1_169' title='bbox 1735 1719 1813 1751; x_wconf 88' lang='lat'><strong>—‚</strong></span> 
     </span>
     <span class='ocr_line' id='line_1_22' title="bbox 121 1767 1813 1830; baseline -0.001 -12"><span class='ocrx_word' id='word_1_170' title='bbox 121 1767 218 1818; x_wconf 91' lang='lat' dir='ltr'><strong>sed</strong></span> <span class='ocrx_word' id='word_1_171' title='bbox 269 1772 515 1818; x_wconf 87' lang='lat' dir='ltr'><strong>extrema</strong></span> <span class='ocrx_word' id='word_1_172' title='bbox 565 1767 661 1819; x_wconf 85' lang='lat' dir='ltr'><strong>illa</strong></span> <span class='ocrx_word' id='word_1_173' title='bbox 709 1774 763 1819; x_wconf 89' lang='lat' dir='ltr'><strong>et</strong></span> <span class='ocrx_word' id='word_1_174' title='bbox 813 1782 1044 1825; x_wconf 91' lang='lat' dir='ltr'><strong>summa,</strong></span> <span class='ocrx_word' id='word_1_175' title='bbox 1097 1781 1239 1830; x_wconf 91' lang='lat' dir='ltr'><strong>quae</strong></span> <span class='ocrx_word' id='word_1_176' title='bbox 1290 1767 1622 1830; x_wconf 91' lang='lat' dir='ltr'><strong>quaerimus,</strong></span> <span class='ocrx_word' id='word_1_177' title='bbox 1674 1767 1813 1818; x_wconf 87' lang='lat' dir='ltr'><strong>inter</strong></span> 
     </span>
     <span class='ocr_line' id='line_1_23' title="bbox 119 1841 1813 1905; baseline 0.001 -14"><span class='ocrx_word' id='word_1_178' title='bbox 119 1841 442 1892; x_wconf 90' lang='lat' dir='ltr'><strong>animalium</strong></span> <span class='ocrx_word' id='word_1_179' title='bbox 484 1856 690 1905; x_wconf 86' lang='lat' dir='ltr'><strong>genera</strong></span> <span class='ocrx_word' id='word_1_180' title='bbox 733 1842 994 1894; x_wconf 90' lang='lat' dir='ltr'><strong>distincta</strong></span> <span class='ocrx_word' id='word_1_181' title='bbox 1035 1847 1088 1893; x_wconf 91' lang='lat' dir='ltr'><strong>et</strong></span> <span class='ocrx_word' id='word_1_182' title='bbox 1129 1841 1421 1905; x_wconf 88' lang='lat' dir='ltr'><strong>dispertita</strong></span> <span class='ocrx_word' id='word_1_183' title='bbox 1465 1841 1574 1893; x_wconf 89' lang='lat' dir='ltr'><strong>sint</strong></span> <span class='ocrx_word' id='word_1_184' title='bbox 1614 1847 1668 1892; x_wconf 90' lang='lat' dir='ltr'><strong>et</strong></span> <span class='ocrx_word' id='word_1_185' title='bbox 1710 1855 1813 1892; x_wconf 91' lang='lat' dir='ltr'><strong>sua</strong></span> 
     </span>
     <span class='ocr_line' id='line_1_24' title="bbox 120 1916 1814 1979; baseline -0.001 -12"><span class='ocrx_word' id='word_1_186' title='bbox 120 1917 316 1979; x_wconf 87' lang='lat' dir='ltr'><strong>cuique</strong></span> <span class='ocrx_word' id='word_1_187' title='bbox 357 1917 584 1979; x_wconf 88' lang='lat' dir='ltr'><strong>propria</strong></span> <span class='ocrx_word' id='word_1_188' title='bbox 624 1922 678 1968; x_wconf 92' lang='lat' dir='ltr'><strong>et</strong></span> <span class='ocrx_word' id='word_1_189' title='bbox 717 1916 789 1968; x_wconf 92' lang='lat' dir='ltr'><strong>ad</strong></span> <span class='ocrx_word' id='word_1_190' title='bbox 829 1916 886 1967; x_wconf 93' lang='lat' dir='ltr'><strong>id</strong></span> <span class='ocrx_word' id='word_1_191' title='bbox 928 1921 1074 1979; x_wconf 90' lang='lat' dir='ltr'><strong>apta,</strong></span> <span class='ocrx_word' id='word_1_192' title='bbox 1116 1916 1265 1979; x_wconf 93' lang='lat' dir='ltr'><strong>quod</strong></span> <span class='ocrx_word' id='word_1_193' title='bbox 1308 1916 1575 1979; x_wconf 90' lang='lat' dir='ltr'><strong>cuiusque</strong></span> <span class='ocrx_word' id='word_1_194' title='bbox 1614 1921 1814 1967; x_wconf 89' lang='lat' dir='ltr'><strong>natura</strong></span> 
     </span>
     <span class='ocr_line' id='line_1_25' title="bbox 121 1990 1813 2054; baseline 0 -14"><span class='ocrx_word' id='word_1_195' title='bbox 121 1990 412 2042; x_wconf 90' lang='lat' dir='ltr'><strong>desideret.</strong></span> <span class='ocrx_word' id='word_1_196' title='bbox 469 2005 638 2054; x_wconf 89' lang='lat' dir='ltr'><strong>quare</strong></span> <span class='ocrx_word' id='word_1_197' title='bbox 695 2005 819 2042; x_wconf 92' lang='lat' dir='ltr'><strong>cum</strong></span> <span class='ocrx_word' id='word_1_198' title='bbox 875 1990 1110 2041; x_wconf 91' lang='lat' dir='ltr'><strong>dicimus</strong></span> <span class='ocrx_word' id='word_1_199' title='bbox 1164 1991 1423 2042; x_wconf 90' lang='lat' dir='ltr'><strong>omnibus</strong></span> <span class='ocrx_word' id='word_1_200' title='bbox 1478 1990 1813 2041; x_wconf 87' lang='lat' dir='ltr'><strong>animalibus</strong></span> 
     </span>
     <span class='ocr_line' id='line_1_26' title="bbox 52 2065 1814 2123; baseline -0.001 -6"><span class='ocrx_word' id='word_1_201' title='bbox 52 2070 427 2117; x_wconf 83' lang='lat' dir='ltr'><strong>25extremum</strong></span> <span class='ocrx_word' id='word_1_202' title='bbox 478 2079 602 2116; x_wconf 92' lang='lat' dir='ltr'><strong>esse</strong></span> <span class='ocrx_word' id='word_1_203' title='bbox 655 2065 960 2116; x_wconf 87' lang='lat' dir='ltr'><strong>secundum</strong></span> <span class='ocrx_word' id='word_1_204' title='bbox 1012 2070 1268 2116; x_wconf 88' lang='lat' dir='ltr'><strong>naturam</strong></span> <span class='ocrx_word' id='word_1_205' title='bbox 1318 2066 1521 2123; x_wconf 89' lang='lat' dir='ltr'><strong>vivere,</strong></span> <span class='ocrx_word' id='word_1_206' title='bbox 1574 2079 1686 2116; x_wconf 89' lang='lat' dir='ltr'><strong>non</strong></span> <span class='ocrx_word' id='word_1_207' title='bbox 1730 2066 1814 2116; x_wconf 77' lang='lat' dir='ltr'><strong>&#39;ita</strong></span> 
     </span>
     <span class='ocr_line' id='line_1_27' title="bbox 121 2139 1813 2202; baseline -0.001 -13"><span class='ocrx_word' id='word_1_208' title='bbox 121 2139 505 2202; x_wconf 90' lang='lat' dir='ltr'><strong>accipiendum</strong></span> <span class='ocrx_word' id='word_1_209' title='bbox 548 2144 645 2197; x_wconf 92' lang='lat' dir='ltr'><strong>est,</strong></span> <span class='ocrx_word' id='word_1_210' title='bbox 691 2140 849 2202; x_wconf 89' lang='lat' dir='ltr'><strong>quasi</strong></span> <span class='ocrx_word' id='word_1_211' title='bbox 893 2139 1143 2190; x_wconf 88' lang='lat' dir='ltr'><strong>dicamus</strong></span> <span class='ocrx_word' id='word_1_212' title='bbox 1184 2153 1355 2189; x_wconf 91' lang='lat' dir='ltr'><strong>unum</strong></span> <span class='ocrx_word' id='word_1_213' title='bbox 1399 2153 1523 2190; x_wconf 88' lang='lat' dir='ltr'><strong>esse</strong></span> <span class='ocrx_word' id='word_1_214' title='bbox 1565 2139 1813 2190; x_wconf 92' lang='lat' dir='ltr'><strong>omnium</strong></span> 
     </span>
     <span class='ocr_line' id='line_1_28' title="bbox 121 2213 1814 2276; baseline 0.001 -13"><span class='ocrx_word' id='word_1_215' title='bbox 121 2219 443 2272; x_wconf 85' lang='lat' dir='ltr'><strong>extremum,</strong></span> <span class='ocrx_word' id='word_1_216' title='bbox 492 2213 589 2264; x_wconf 89' lang='lat' dir='ltr'><strong>sed</strong></span> <span class='ocrx_word' id='word_1_217' title='bbox 638 2219 698 2264; x_wconf 94' lang='lat' dir='ltr'><strong>ut</strong></span> <span class='ocrx_word' id='word_1_218' title='bbox 743 2214 990 2264; x_wconf 91' lang='lat' dir='ltr'><strong>omnium</strong></span> <span class='ocrx_word' id='word_1_219' title='bbox 1036 2214 1236 2264; x_wconf 91' lang='lat' dir='ltr'><strong>artium</strong></span> <span class='ocrx_word' id='word_1_220' title='bbox 1285 2219 1428 2265; x_wconf 90' lang='lat' dir='ltr'><strong>recte</strong></span> <span class='ocrx_word' id='word_1_221' title='bbox 1476 2213 1582 2264; x_wconf 92' lang='lat' dir='ltr'><strong>dici</strong></span> <span class='ocrx_word' id='word_1_222' title='bbox 1630 2219 1814 2276; x_wconf 89' lang='lat' dir='ltr'><strong>potest</strong></span> 
     </span>
     <span class='ocr_line' id='line_1_29' title="bbox 123 2287 1815 2351; baseline 0.001 -13"><span class='ocrx_word' id='word_1_223' title='bbox 123 2301 413 2338; x_wconf 89' lang='lat' dir='ltr'><strong>commune</strong></span> <span class='ocrx_word' id='word_1_224' title='bbox 450 2301 587 2345; x_wconf 90' lang='lat' dir='ltr'><strong>esse,</strong></span> <span class='ocrx_word' id='word_1_225' title='bbox 625 2293 686 2339; x_wconf 93' lang='lat' dir='ltr'><strong>ut</strong></span> <span class='ocrx_word' id='word_1_226' title='bbox 721 2288 776 2338; x_wconf 91' lang='lat' dir='ltr'><strong>in</strong></span> <span class='ocrx_word' id='word_1_227' title='bbox 811 2287 998 2351; x_wconf 92' lang='lat' dir='ltr'><strong>aliqua</strong></span> <span class='ocrx_word' id='word_1_228' title='bbox 1037 2288 1266 2339; x_wconf 90' lang='lat' dir='ltr'><strong>scientia</strong></span> <span class='ocrx_word' id='word_1_229' title='bbox 1300 2294 1605 2347; x_wconf 87' lang='lat' dir='ltr'><strong>versentur,</strong></span> <span class='ocrx_word' id='word_1_230' title='bbox 1642 2289 1815 2339; x_wconf 88' lang='lat' dir='ltr'><strong>scien-</strong></span> 
     </span>
     <span class='ocr_line' id='line_1_30' title="bbox 123 2362 1814 2426; baseline 0.001 -14"><span class='ocrx_word' id='word_1_231' title='bbox 123 2363 252 2412; x_wconf 89' lang='lat' dir='ltr'><strong>tiam</strong></span> <span class='ocrx_word' id='word_1_232' title='bbox 299 2367 485 2413; x_wconf 90' lang='lat' dir='ltr'><strong>autem</strong></span> <span class='ocrx_word' id='word_1_233' title='bbox 530 2376 688 2413; x_wconf 91' lang='lat' dir='ltr'><strong>suam</strong></span> <span class='ocrx_word' id='word_1_234' title='bbox 733 2362 999 2426; x_wconf 88' lang='lat' dir='ltr'><strong>cuiusque</strong></span> <span class='ocrx_word' id='word_1_235' title='bbox 1040 2363 1175 2413; x_wconf 91' lang='lat' dir='ltr'><strong>artis</strong></span> <span class='ocrx_word' id='word_1_236' title='bbox 1219 2376 1356 2421; x_wconf 89' lang='lat' dir='ltr'><strong>esse,</strong></span> <span class='ocrx_word' id='word_1_237' title='bbox 1401 2363 1481 2413; x_wconf 89' lang='lat' dir='ltr'><strong>sic</strong></span> <span class='ocrx_word' id='word_1_238' title='bbox 1522 2376 1814 2414; x_wconf 89' lang='lat' dir='ltr'><strong>commune</strong></span> 
     </span>
     <span class='ocr_line' id='line_1_31' title="bbox 54 2436 1815 2496; baseline 0.002 -10"><span class='ocrx_word' id='word_1_239' title='bbox 54 2436 443 2490; x_wconf 81' lang='lat' dir='ltr'><strong>30animalium</strong></span> <span class='ocrx_word' id='word_1_240' title='bbox 496 2437 744 2487; x_wconf 92' lang='lat' dir='ltr'><strong>omnium</strong></span> <span class='ocrx_word' id='word_1_241' title='bbox 798 2436 1102 2487; x_wconf 91' lang='lat' dir='ltr'><strong>secundum</strong></span> <span class='ocrx_word' id='word_1_242' title='bbox 1154 2442 1409 2488; x_wconf 87' lang='lat' dir='ltr'><strong>naturam</strong></span> <span class='ocrx_word' id='word_1_243' title='bbox 1460 2437 1662 2496; x_wconf 88' lang='lat' dir='ltr'><strong>vivere,</strong></span> <span class='ocrx_word' id='word_1_244' title='bbox 1717 2437 1815 2489; x_wconf 90' lang='lat' dir='ltr'><strong>sed</strong></span> 
     </span>
     <span class='ocr_line' id='line_1_32' title="bbox 123 2510 1814 2574; baseline 0.001 -14"><span class='ocrx_word' id='word_1_245' title='bbox 123 2516 350 2562; x_wconf 89' lang='lat' dir='ltr'><strong>naturas</strong></span> <span class='ocrx_word' id='word_1_246' title='bbox 378 2524 502 2562; x_wconf 90' lang='lat' dir='ltr'><strong>esse</strong></span> <span class='ocrx_word' id='word_1_247' title='bbox 532 2510 798 2568; x_wconf 90' lang='lat' dir='ltr'><strong>diversas,</strong></span> <span class='ocrx_word' id='word_1_248' title='bbox 827 2516 887 2561; x_wconf 94' lang='lat' dir='ltr'><strong>ut</strong></span> <span class='ocrx_word' id='word_1_249' title='bbox 914 2510 1066 2561; x_wconf 88' lang='lat' dir='ltr'><strong>aliud</strong></span> <span class='ocrx_word' id='word_1_250' title='bbox 1096 2524 1241 2574; x_wconf 93' lang='lat' dir='ltr'><strong>equo</strong></span> <span class='ocrx_word' id='word_1_251' title='bbox 1270 2512 1340 2562; x_wconf 84' lang='lat' dir='ltr'><strong>sit</strong></span> <span class='ocrx_word' id='word_1_252' title='bbox 1366 2525 1396 2563; x_wconf 93' lang='lat' dir='ltr'><strong>e</strong></span> <span class='ocrx_word' id='word_1_253' title='bbox 1424 2516 1638 2570; x_wconf 90' lang='lat' dir='ltr'><strong>natura,</strong></span> <span class='ocrx_word' id='word_1_254' title='bbox 1661 2511 1814 2562; x_wconf 90' lang='lat' dir='ltr'><strong>aliud</strong></span> 
     </span>
     <span class='ocr_line' id='line_1_33' title="bbox 123 2584 1817 2641; baseline 0.002 -7"><span class='ocrx_word' id='word_1_255' title='bbox 123 2585 269 2641; x_wconf 90' lang='lat' dir='ltr'><strong>bovi,</strong></span> <span class='ocrx_word' id='word_1_256' title='bbox 307 2584 459 2635; x_wconf 91' lang='lat' dir='ltr'><strong>aliud</strong></span> <span class='ocrx_word' id='word_1_257' title='bbox 499 2584 724 2635; x_wconf 92' lang='lat' dir='ltr'><strong>homini.</strong></span> <span class='ocrx_word' id='word_1_258' title='bbox 773 2590 826 2636; x_wconf 92' lang='lat' dir='ltr'><strong>et</strong></span> <span class='ocrx_word' id='word_1_259' title='bbox 863 2590 1046 2636; x_wconf 92' lang='lat' dir='ltr'><strong>tamen</strong></span> <span class='ocrx_word' id='word_1_260' title='bbox 1086 2585 1142 2635; x_wconf 92' lang='lat' dir='ltr'><strong>in</strong></span> <span class='ocrx_word' id='word_1_261' title='bbox 1179 2585 1438 2637; x_wconf 92' lang='lat' dir='ltr'><strong>omnibus</strong></span> <span class='ocrx_word' id='word_1_262' title='bbox 1475 2591 1560 2637; x_wconf 92' lang='lat' dir='ltr'><strong>est</strong></span> <span class='ocrx_word' id='word_1_263' title='bbox 1598 2600 1817 2637; x_wconf 89' lang='lat' dir='ltr'><strong>summa</strong></span> 
     </span>
    </p>
   </div>
   <div class='ocr_carea' id='block_1_3' title="bbox 123 2736 1820 3033">
    <p class='ocr_par' dir='ltr' id='par_1_3' title="bbox 123 2736 1820 3033">
     <span class='ocr_line' id='line_1_34' title="bbox 196 2736 1819 2786; baseline 0.002 -4"><span class='ocrx_word' id='word_1_264' title='bbox 196 2741 223 2781; x_wconf 87' lang='grc'>9</span> <span class='ocrx_word' id='word_1_265' title='bbox 257 2743 318 2782; x_wconf 94' lang='lat' dir='ltr'><strong>ob</strong></span> <span class='ocrx_word' id='word_1_266' title='bbox 350 2742 390 2782; x_wconf 91' lang='grc' dir='ltr'>Ν</span> <span class='ocrx_word' id='word_1_267' title='bbox 398 2736 413 2760; x_wconf 85' lang='lat'>²</span> <span class='ocrx_word' id='word_1_268' title='bbox 445 2743 505 2783; x_wconf 88' lang='lat' dir='ltr'><strong>ad</strong></span> <span class='ocrx_word' id='word_1_269' title='bbox 641 2743 810 2784; x_wconf 85' lang='lat' dir='ltr'><strong>habeat</strong></span> <span class='ocrx_word' id='word_1_270' title='bbox 842 2744 998 2786; x_wconf 83' lang='lat' dir='ltr'><strong>Lamb.</strong></span> <span class='ocrx_word' id='word_1_271' title='bbox 1031 2745 1172 2785; x_wconf 84' lang='lat' dir='ltr'><strong>habet</strong></span> <span class='ocrx_word' id='word_1_272' title='bbox 1308 2744 1360 2786; x_wconf 81' lang='lat'><strong>13</strong></span> <span class='ocrx_word' id='word_1_273' title='bbox 1394 2747 1553 2785; x_wconf 86' lang='lat' dir='ltr'><strong>nature</strong></span> <span class='ocrx_word' id='word_1_274' title='bbox 1585 2744 1627 2785; x_wconf 92' lang='lat' dir='ltr'>V</span> <span class='ocrx_word' id='word_1_275' title='bbox 1658 2747 1819 2785; x_wconf 85' lang='lat' dir='ltr'><strong>natura</strong></span> 
     </span>
     <span class='ocr_line' id='line_1_35' title="bbox 123 2797 1746 2853; baseline 0.002 -11"><span class='ocrx_word' id='word_1_276' title='bbox 123 2797 285 2850; x_wconf 80' lang='lat' dir='ltr'><strong>(etiam</strong></span> <span class='ocrx_word' id='word_1_277' title='bbox 318 2798 375 2852; x_wconf 90' lang='lat' dir='ltr'><strong>B)</strong></span> <span class='ocrx_word' id='word_1_278' title='bbox 494 2802 548 2843; x_wconf 89' lang='lat'><strong>15</strong></span> <span class='ocrx_word' id='word_1_279' title='bbox 581 2813 673 2853; x_wconf 87' lang='lat' dir='ltr'><strong>que</strong></span> <span class='ocrx_word' id='word_1_280' title='bbox 704 2802 786 2844; x_wconf 91' lang='lat' dir='ltr'><strong>ER</strong></span> <span class='ocrx_word' id='word_1_281' title='bbox 818 2806 863 2845; x_wconf 90' lang='lat' dir='ltr'><strong>et</strong></span> <span class='ocrx_word' id='word_1_282' title='bbox 893 2803 984 2845; x_wconf 91' lang='lat' dir='ltr'><strong>NV</strong></span> <span class='ocrx_word' id='word_1_283' title='bbox 1016 2815 1107 2845; x_wconf 90' lang='lat' dir='ltr'><strong>om.</strong></span> <span class='ocrx_word' id='word_1_284' title='bbox 1131 2803 1169 2844; x_wconf 89' lang='grc' dir='ltr'><strong>Β</strong></span> <span class='ocrx_word' id='word_1_285' title='bbox 1282 2801 1532 2853; x_wconf 89' lang='lat' dir='ltr'><strong>Quoniam]</strong></span> <span class='ocrx_word' id='word_1_286' title='bbox 1568 2803 1675 2850; x_wconf 75' lang='grc' dir='ltr'>Ωιι-ο</span> <span class='ocrx_word' id='word_1_287' title='bbox 1706 2804 1746 2845; x_wconf 88' lang='lat' dir='ltr'>R</span> 
     </span>
     <span class='ocr_line' id='line_1_36' title="bbox 123 2860 1818 2906; baseline 0.003 -6"><span class='ocrx_word' id='word_1_288' title='bbox 123 2860 180 2901; x_wconf 85' lang='lat'><strong>22</strong></span> <span class='ocrx_word' id='word_1_289' title='bbox 211 2864 318 2901; x_wconf 86' lang='lat' dir='ltr'><strong>sunt</strong></span> <span class='ocrx_word' id='word_1_290' title='bbox 348 2861 486 2903; x_wconf 87' lang='lat' dir='ltr'><strong>RNV</strong></span> <span class='ocrx_word' id='word_1_291' title='bbox 630 2861 687 2902; x_wconf 85' lang='lat'><strong>24</strong></span> <span class='ocrx_word' id='word_1_292' title='bbox 720 2862 950 2904; x_wconf 85' lang='lat' dir='ltr'><strong>desiderat</strong></span> <span class='ocrx_word' id='word_1_293' title='bbox 980 2863 1118 2904; x_wconf 90' lang='lat' dir='ltr'><strong>RNV</strong></span> <span class='ocrx_word' id='word_1_294' title='bbox 1261 2863 1317 2904; x_wconf 92' lang='grc'><strong>32</strong></span> <span class='ocrx_word' id='word_1_295' title='bbox 1351 2867 1421 2904; x_wconf 86' lang='lat' dir='ltr'><strong>est</strong></span> <span class='ocrx_word' id='word_1_296' title='bbox 1451 2863 1492 2904; x_wconf 91' lang='lat' dir='ltr'>V</span> <span class='ocrx_word' id='word_1_297' title='bbox 1525 2875 1614 2905; x_wconf 92' lang='lat' dir='ltr'><strong>om.</strong></span> <span class='ocrx_word' id='word_1_298' title='bbox 1640 2863 1818 2906; x_wconf 85' lang='lat' dir='ltr'>BERN</span> 
     </span>
     <span class='ocr_line' id='line_1_37' title="bbox 127 2914 1820 2975; baseline 0.003 -14"><span class='ocrx_word' id='word_1_299' title='bbox 127 2914 314 2961; x_wconf 81' lang='lat' dir='ltr'><strong>‘Vellem</strong></span> <span class='ocrx_word' id='word_1_300' title='bbox 340 2922 388 2962; x_wconf 85' lang='lat' dir='ltr'><strong>in</strong></span> <span class='ocrx_word' id='word_1_301' title='bbox 422 2923 630 2963; x_wconf 79' lang='lat' dir='ltr'><strong>transitu</strong></span> <span class='ocrx_word' id='word_1_302' title='bbox 656 2923 717 2963; x_wconf 88' lang='lat' dir='ltr'><strong>ab</strong></span> <span class='ocrx_word' id='word_1_303' title='bbox 743 2923 936 2974; x_wconf 84' lang='lat' dir='ltr'><strong>infinita</strong></span> <span class='ocrx_word' id='word_1_304' title='bbox 961 2924 1180 2965; x_wconf 82' lang='lat' dir='ltr'><strong>oratione</strong></span> <span class='ocrx_word' id='word_1_305' title='bbox 1205 2924 1270 2965; x_wconf 88' lang='lat' dir='ltr'><strong>ad</strong></span> <span class='ocrx_word' id='word_1_306' title='bbox 1295 2924 1486 2975; x_wconf 83' lang='lat' dir='ltr'><strong>finitam</strong></span> <span class='ocrx_word' id='word_1_307' title='bbox 1514 2925 1820 2966; x_wconf 76' lang='lat' dir='ltr'><strong>scriberetur:</strong></span> 
     </span>
     <span class='ocr_line' id='line_1_38' title="bbox 123 2977 1280 3033; baseline 0.005 -14"><span class='ocrx_word' id='word_1_308' title='bbox 123 2990 302 3020; x_wconf 89' lang='lat' dir='ltr'><strong>summa</strong></span> <span class='ocrx_word' id='word_1_309' title='bbox 333 2982 590 3022; x_wconf 88' lang='lat' dir='ltr'><strong>communis</strong></span> <span class='ocrx_word' id='word_1_310' title='bbox 623 2983 697 3022; x_wconf 80' lang='lat' dir='ltr'><strong>est</strong></span> <span class='ocrx_word' id='word_1_311' title='bbox 727 2985 774 3022; x_wconf 92' lang='lat' dir='ltr'><strong>et</strong></span> <span class='ocrx_word' id='word_1_312' title='bbox 805 2983 991 3033; x_wconf 87' lang='lat' dir='ltr'><strong>quidem</strong></span> <span class='ocrx_word' id='word_1_313' title='bbox 1024 2977 1127 3025; x_wconf 59' lang='lat' dir='ltr'><strong>cet?</strong></span> <span class='ocrx_word' id='word_1_314' title='bbox 1155 2982 1280 3025; x_wconf 82' lang='lat' dir='ltr'><strong>Mdv.</strong></span> 
     </span>
    </p>
   </div>
   <div class='ocr_carea' id='block_1_4' title="bbox 1849 1332 1905 1373">
    <p class='ocr_par' dir='ltr' id='par_1_4' title="bbox 1849 1332 1905 1373">
     <span class='ocr_line' id='line_1_39' title="bbox 1849 1332 1905 1373; baseline 0 0"><span class='ocrx_word' id='word_1_315' title='bbox 1849 1332 1905 1373; x_wconf 90' lang='lat'><strong>25</strong></span> 
     </span>
    </p>
   </div>
   <div class='ocr_carea' id='block_1_5' title="bbox 1850 2005 1905 2045">
    <p class='ocr_par' dir='ltr' id='par_1_5' title="bbox 1850 2005 1905 2045">
     <span class='ocr_line' id='line_1_40' title="bbox 1850 2005 1905 2045; baseline 0 0"><span class='ocrx_word' id='word_1_316' title='bbox 1850 2005 1905 2045; x_wconf 88' lang='grc'><strong>26</strong></span> 
     </span>
    </p>
   </div>
  </div>
 </body>
</html>
