2002 3068
170 109 236 156 IV
839 109 1202 157 PRAEFATIO

167 246 242 288 est
289 243 424 289 hunc
469 243 699 289 codicem
747 243 798 288 in
845 243 983 288 libris
1028 244 1092 289 de
1123 243 1308 295 finibus
1352 256 1382 289 a
1432 243 1642 290 Grutero
1693 245 1864 291 vocari

167 303 463 355 secundum,
498 303 636 360 quod
667 302 848 347 falsum
883 305 970 348 est.
1027 302 1157 347 Nam
1190 315 1243 349 re
1275 315 1396 348 vera
1427 303 1478 348 in
1511 303 1589 348 his
1622 303 1758 349 libris
1790 316 1864 349 re-

168 362 438 408 censendis
471 361 555 407 ille
588 362 723 407 hunc
756 361 987 407 codicem
1012 374 1115 407 non
1141 362 1370 408 adhibuit
1395 362 1652 421 aliumque
1683 376 1773 421 pro
1801 375 1863 409 eo

165 421 347 467 librum
381 421 663 466 Palatinum
698 421 864 466 minus
896 421 1110 474 bonum,
1156 434 1256 479 quo
1298 435 1419 467 usus
1453 425 1548 475 est,
1590 423 1864 480 appellavit

165 482 447 526 secundum
474 478 551 536 (cf.
580 479 630 526 C.
657 480 819 533 Halm,
845 481 1032 526 Archiv
1058 494 1104 538 p.
1133 481 1218 527 175
1242 484 1343 527 not.
1364 480 1455 538 35).
1473 481 1505 539 ¹)
1539 480 1652 533 Quo
1677 482 1862 528 iactum

166 543 253 593 est,
287 543 341 585 ut
374 539 565 586 codicis
590 539 630 584 B
655 539 901 585 lectiones
934 540 1151 598 primum
1186 541 1559 587 innotescerent
1592 541 1862 587 collatione

164 613 193 644 a
227 598 405 645 Carolo
447 599 646 645 Prienio
686 599 818 645 facta
858 602 908 645 et
948 612 977 644 a
1011 599 1067 645 G.
1102 600 1302 646 Baitero
1343 601 1394 646 in
1439 600 1663 646 editione
1707 601 1862 646 altera

164 659 422 705 Turicensi
448 659 721 716 proposita.
770 659 932 704 Huius
957 671 1163 718 quoque
1188 660 1379 706 codicis
1406 660 1665 718 specimen
1700 663 1864 706 exstat

164 719 300 776 apud
334 717 595 765 Chatelain
628 716 677 776 (l.
703 718 732 764 l.
765 719 865 764 tab.
890 718 1058 776 XXV).

231 778 274 824 3.
308 777 714 835 Erlangensis
739 776 815 835 (=
832 776 885 836 E)
903 791 950 824 n.
970 779 1229 837 quondam
1245 778 1317 832 38,
1336 791 1471 825 nunc
1487 779 1590 832 847.
1607 779 1658 824 in
1682 779 1862 825 biblio-

161 838 310 884 theca
358 837 696 883 universitatis
736 837 1073 896 ErlangensiS.
1131 837 1366 885 Continet
1417 838 1500 885 hic
1543 839 1669 885 liber
1719 839 1863 884 dimi-

163 897 299 942 diam
341 898 444 943 fere
485 900 679 954 partem
721 909 896 943 eorum
935 897 1174 944 librorum
1206 897 1572 952 Tullianorum,
1614 910 1742 956 quos
1776 910 1862 944 ex-

160 956 300 1002 hibet
345 957 602 1003 Palatinus
647 957 776 1003 1525.
791 955 825 1014 ²)
883 955 1125 1005 Codicem
1173 957 1537 1016 Erlangensem
1585 958 1750 1003 solum
1798 970 1862 1004 ex

160 1016 308 1062 bonis
333 1016 470 1062 libris
502 1017 654 1074 plene
681 1016 920 1063 collatum
945 1016 1122 1063 habuit
1146 1017 1205 1063 N.
1231 1017 1534 1076 MadvigiuS,
1569 1030 1684 1063 cum
1708 1017 1861 1063 libros

161 1076 226 1121 de
256 1076 441 1121 finibus
473 1076 690 1135 primum
733 1077 906 1122 ederet
938 1089 981 1122 a.
1017 1076 1153 1130 1839,
1197 1076 1403 1135 egitque
1445 1078 1510 1123 de
1550 1077 1660 1123 eius
1699 1077 1750 1122 in
1783 1077 1861 1122 his

159 1135 295 1180 libris
320 1136 480 1181 forma
504 1149 550 1194 p.
576 1135 687 1181 XIX
705 1148 811 1194 sqq.
840 1136 918 1181 ed.
943 1136 972 1181 3
997 1134 1166 1194 (1876).
1216 1136 1363 1182 Hunc
1389 1136 1620 1182 codicem
1645 1137 1696 1181 in
1722 1136 1860 1182 libris

161 1195 225 1239 de
257 1195 444 1241 finibus
476 1196 628 1253 plane
661 1195 939 1253 gemellum
973 1208 1087 1241 esse
1121 1196 1312 1242 codicis
1338 1196 1551 1241 Palatini
1578 1196 1694 1242 1525
1717 1208 1859 1253 aper-

158 1256 263 1299 tum
304 1255 357 1300 fit
399 1255 762 1301 communitate
802 1255 1071 1300 multarum
1110 1256 1387 1302 lectionum
1425 1258 1482 1302 et
1519 1256 1767 1301 bonarum
1811 1259 1860 1300 et

157 1326 438 1370 pravarum,
473 1327 605 1372 quae
637 1315 688 1360 in
721 1314 842 1360 solis
873 1315 952 1360 his
986 1315 1186 1361 duobus
1220 1315 1483 1361 codicibus
1515 1315 1852 1361 inveniuntur.

158 1373 251 1418 Par
285 1376 359 1419 est
392 1375 543 1420 etiam
576 1374 628 1419 in
661 1376 875 1432 utroque
906 1375 1276 1421 vocabulorum
1309 1375 1691 1420 scribendorum
1715 1375 1855 1427 rati0,

156 1433 296 1490 paria
328 1436 443 1479 sunt
476 1434 794 1491 compendia,
828 1437 980 1492 atque
1014 1434 1166 1480 etiam
1198 1434 1473 1492 scripturae
1505 1447 1670 1492 genus
1695 1434 1745 1479 in
1778 1435 1857 1479 his

157 1493 363 1549 quidem
399 1494 463 1538 de
494 1493 680 1539 finibus
713 1493 850 1539 libris
884 1496 969 1538 aut
1001 1494 1153 1551 plane
1185 1506 1275 1552 par
1307 1497 1394 1540 aut
1419 1496 1553 1540 certe
1579 1494 1857 1539 admodum

157 1552 334 1598 simile.
390 1553 619 1598 Halmius
660 1551 785 1610 (Zur
814 1553 1403 1609 Handschriftenlcunde
1442 1567 1489 1611 p.
1526 1553 1573 1611 3)
1623 1553 1853 1599 codicem

157 1611 520 1670 Erlangensem
554 1612 930 1670 Heidelbergae
973 1625 1076 1658 non
1115 1615 1311 1659 tantum
1355 1615 1702 1671 comparatum
1743 1625 1856 1658 esse

158 1695 213 1702 -
245 1671 428 1729 legitur
451 1672 502 1717 in
534 1672 636 1718 fine
668 1672 821 1718 totius
854 1685 1063 1730 operae:
1097 1671 1458 1730 „Comparatus
1492 1675 1567 1718 est
1598 1673 1681 1718 hic
1714 1684 1856 1730 prae-

157 1742 274 1776 sens
314 1731 439 1777 liber
478 1744 567 1789 per
606 1732 805 1777 fratrem
847 1730 1045 1778 Conrad
1079 1732 1302 1778 Haunolt
1341 1733 1391 1778 in
1433 1732 1600 1778 studio
1634 1732 1856 1789 Heydel-

156 1790 394 1848 bergensi
427 1803 561 1836 anno
595 1827 606 1838 .
633 1826 643 1837 .
670 1827 680 1838 .
715 1791 864 1837 LXVI
890 1790 937 1849 [i.
965 1804 1007 1838 e.
1035 1791 1198 1849 1466]“
1224 1817 1281 1824 —
1306 1793 1398 1837 sed
1432 1792 1583 1837 etiam
1617 1791 1855 1849 scriptum

158 1850 362 1904 conicit,
395 1862 491 1896 nec
522 1851 722 1896 videtur
754 1851 985 1905 dubium,
1031 1851 1152 1909 quin
1184 1851 1296 1897 libri
1330 1852 1395 1897 de
1432 1851 1620 1897 finibus
1651 1851 1703 1896 in
1737 1863 1854 1896 eum

235 1971 279 2025 1)
315 1972 531 2016 Gruterus
564 1975 611 2014 in
643 1975 769 2015 libris
803 1974 861 2016 de
893 1974 972 2015 fin.
1005 1985 1088 2016 sex
1119 1986 1230 2016 usus
1263 1978 1333 2016 est
1357 1975 1596 2016 codicibus
1621 1973 1854 2022 Palatinis,

159 2034 238 2083 qui
263 2044 386 2074 nunc
411 2033 708 2075 adservantur
732 2035 778 2074 in
804 2034 1087 2075 bibliotheca
1103 2033 1341 2081 Vaticana,
1367 2045 1499 2084 quos,
1525 2045 1628 2075 cum
1649 2034 1751 2084 ipse
1767 2037 1854 2074 tra-

159 2094 389 2140 ctaverim,
423 2094 497 2134 hic
533 2104 769 2134 enumero.
816 2092 992 2134 Primus
1024 2093 1108 2134 fuit
1138 2094 1192 2141 is,
1225 2105 1362 2144 quem
1395 2105 1533 2144 supra
1565 2094 1777 2140 diximus,
1810 2104 1854 2134 n.

162 2151 289 2199 1513,
322 2153 556 2194 secundus
587 2164 632 2194 n.
661 2152 775 2193 1512
801 2149 942 2203 (saec.
968 2152 1064 2200 XV,
1098 2154 1363 2201 membran„
1389 2155 1561 2195 contin.
1586 2152 1631 2194 ll.
1657 2153 1715 2194 de
1739 2150 1854 2203 fin),

159 2212 316 2253 tertius
348 2223 393 2253 n.
422 2211 535 2252 1524
561 2208 846 2262 (membran.,
879 2223 1000 2254 saeC.
1026 2212 1108 2253 XV
1132 2216 1331 2260 exeunt„
1357 2214 1529 2254 contin.
1555 2213 1598 2253 ll.
1624 2212 1683 2254 de
1707 2212 1854 2259 amic..

159 2272 218 2313 de
257 2274 453 2318 senect.,
498 2272 752 2322 paradoxa,
795 2272 839 2313 ll.
874 2272 932 2313 de
964 2272 1067 2319 fin..
1107 2273 1166 2313 de
1198 2272 1298 2320 off..
1332 2273 1450 2322 disp.
1482 2271 1686 2318 Tuscul.‚
1718 2272 1762 2312 11.
1796 2272 1855 2312 de

159 2333 251 2372 nat.
281 2331 421 2378 deor..
455 2331 514 2372 de
539 2331 644 2378 div„
678 2331 736 2372 de
761 2330 869 2379 fato,
903 2332 962 2372 de
986 2328 1112 2382 leg.)‚
1145 2335 1332 2382 quartus
1355 2334 1404 2372 n.
1429 2331 1538 2371 1511
1568 2327 1854 2380 (membran.,

159 2400 281 2431 saec.
307 2388 389 2430 XV
419 2390 494 2431 vel
526 2389 641 2438 XVI,
675 2391 846 2432 contin.
879 2391 923 2432 ll.
957 2391 1015 2431 de
1048 2391 1126 2432 fin.
1160 2394 1206 2432 et
1229 2390 1450 2432 Academ.
1484 2387 1688 2442 poster.),
1721 2391 1852 2440 quin-

159 2452 232 2491 tus
263 2461 308 2491 n.
336 2448 451 2490 1516
492 2445 777 2499 (membran.,
810 2461 933 2491 saec.
966 2449 1068 2498 XV,
1109 2451 1281 2492 contin.
1322 2451 1440 2500 disp.
1473 2449 1677 2497 Tuscul.‚
1717 2450 1762 2490 ll.
1795 2449 1854 2490 de

160 2508 261 2556 tin„
306 2507 528 2551 Academ.
562 2506 772 2560 poster),
817 2512 974 2550 sextus
1014 2521 1058 2550 n.
1087 2509 1200 2550 1515
1242 2506 1456 2560 (scriptus
1488 2521 1516 2550 a
1547 2509 1754 2550 Iohanne
1794 2509 1853 2549 de

159 2567 359 2616 Vellate.
407 2569 511 2618 ipso
552 2569 738 2618 quidem
779 2569 850 2610 bis
889 2572 1108 2616 testante,
1152 2570 1324 2610 contin.
1356 2569 1400 2610 11.
1434 2569 1493 2610 de
1524 2568 1625 2615 fin..
1665 2567 1851 2614 LucuIL,

159 2626 310 2679 Tim.).
365 2627 495 2675 Quos
543 2638 706 2669 omnes
754 2631 933 2677 praeter
986 2629 1178 2678 primum
1227 2629 1499 2670 deteriorum
1547 2628 1758 2668 codicum
1805 2627 1851 2667 in

158 2698 331 2737 genere
363 2699 468 2730 esse
500 2687 744 2728 habendos
776 2698 835 2728 ex
866 2681 1050 2728 indiciis
1082 2688 1358 2738 quibusdam
1391 2688 1498 2728 huic
1529 2687 1688 2737 generi
1721 2687 1848 2727 codi-

158 2756 262 2786 cum
295 2747 618 2788 communibus
651 2742 727 2796 (ci.
760 2758 804 2796 p.
829 2746 929 2787 VIII
953 2744 1043 2796 sq.)
1076 2747 1315 2797 colligitur.

233 2803 279 2857 2)
314 2805 379 2848 Cf.
412 2807 471 2848 de
495 2805 765 2856 Erlangensi
790 2809 968 2856 praeter
991 2806 1221 2846 Halmium
1251 2802 1441 2855 (Archiv
1465 2817 1509 2856 p.
1537 2803 1621 2846 170
1638 2816 1722 2855 sq„
1753 2805 1849 2846 Zur

157 2864 683 2918 Handschriftenkunde
726 2876 770 2915 p.
804 2862 935 2915 2sq.)
983 2865 1022 2906 J.
1056 2864 1104 2906 C.
1144 2865 1382 2906 Irmischer
1427 2865 1474 2904 in
1521 2865 1734 2915 catalogo
1778 2865 1844 2904 bi-

159 2924 317 2966 blioth.
352 2925 532 2976 Erlang.
566 2921 721 2975 (1852)
756 2936 800 2974 p.
826 2923 912 2964 219
930 2935 998 2975 sq.
