2002 3068
777 64 1141 111 PRAEFATIO
1743 62 1806 109 XI

99 206 153 249 ut
193 201 398 260 reliquis
439 213 644 260 quoque
684 199 830 253 lociS‚
873 199 1056 257 quibus
1089 203 1171 244 BE
1205 200 1268 245 ab
1304 203 1492 245 ARNV
1536 200 1806 246 verborum

101 261 438 310 collocatione
471 260 786 314 dissentiunt,
820 272 923 305 non
951 259 1194 305 maiorem
1227 259 1382 304 iidem
1408 260 1500 305 sed
1526 259 1806 318 neglegen-

99 323 222 368 tiam
254 321 410 368 fuisse
443 333 650 367 causam
683 320 834 366 huius
869 319 1130 365 dissensus
1168 319 1476 365 concludere
1509 319 1805 365 debeamus,

177 380 393 428 Codices
441 380 663 438 denique
702 384 744 425 N
785 382 834 425 et
874 383 916 425 V
965 379 1323 425 dissentientes
1372 380 1436 425 ab
1477 382 1661 425 ABER
1703 391 1806 424 non

101 454 289 500 magna
331 453 446 487 esse
486 439 687 498 propria
727 439 1024 486 auctoritate
1068 451 1158 496 per
1189 451 1246 485 se
1279 441 1502 496 apparet.
1557 438 1807 485 Accidere

98 504 271 547 tamen
304 499 467 558 potuit
500 502 553 546 ut
584 502 788 557 propter
811 499 1076 557 vulgarem
1104 499 1256 544 etiam
1286 499 1537 545 bonorum
1571 499 1805 545 codicum

100 562 166 607 ad
200 561 383 607 eadem
418 560 606 605 menda
639 559 1004 605 committenda
1029 559 1399 616 proclivitatem
1426 558 1509 604 hic
1534 558 1634 605 illic
1659 563 1699 604 N
1724 559 1807 604 vel

99 625 141 667 V
172 620 257 666 vel
296 623 508 677 uterque
547 631 722 665 veram
763 619 1037 665 lectionem
1080 621 1166 664 aut
1207 621 1342 664 certe
1381 618 1656 677 vestigium
1700 619 1807 664 veri

2 702 9 707 ·
100 682 380 733 servarent,
413 679 554 724 velut
586 692 633 737 p.
657 679 700 732 4,
718 679 798 732 20;
829 679 902 732 44,
920 678 980 724 24
1012 677 1118 736 (ubi
1153 691 1214 724 ea
1246 678 1423 732 lecti0,
1456 691 1590 736 quae
1623 679 1688 724 ad
1720 691 1808 724 ve-

100 753 209 786 rum
242 739 474 798 proxime
507 739 719 792 accedit,
754 739 1013 785 accubens
1047 751 1154 792 ere,
1190 741 1270 784 est·
1299 738 1350 783 in
1383 743 1437 791 V,
1471 738 1523 783 in
1557 738 1602 784 N
1635 741 1806 784 autem

98 800 254 846 fuisse
288 802 406 845 ante
437 812 663 845 rasuram
689 801 739 844 et
771 798 1138 844 correctionem
1164 799 1228 844 ab
1262 799 1419 844 altera
1444 811 1597 843 manu
1623 799 1807 844 factam

99 859 206 905 veri
247 859 413 905 simile
454 857 562 916 est).
621 857 854 905 Ceterum
889 858 1125 916 quotiens
1157 863 1198 903 N
1233 860 1282 904 et
1312 862 1354 904 V
1394 859 1458 903 ab
1491 862 1676 903 ABER
1708 859 1807 904 dis-

100 919 378 965 sentientes
422 918 518 976 ipsi
562 918 691 964 inter
737 931 793 964 se
838 918 1114 964 concinunt
1157 916 1316 975 (velut
1355 931 1402 976 p.
1431 917 1598 971 16,30;
1637 918 1807 971 67,30;

99 979 250 1033 69,19
282 978 394 1035 cet.)
428 978 617 1024 indicia
647 980 883 1024 tenentur
916 978 1108 1024 codicis
1141 978 1355 1024 alicuius
1387 978 1557 1024 bonae
1583 977 1806 1036 originiS‚

101 1040 193 1084 sed
225 1039 327 1084 iam
360 1038 443 1084 hic
475 1038 578 1084 illic
611 1038 883 1091 emendati,
918 1050 982 1083 ex
1008 1050 1124 1095 quo,
1159 1037 1252 1083 etsi
1278 1037 1457 1096 impari
1482 1038 1659 1096 gradu,
1691 1042 1733 1083 N
1759 1040 1808 1083 et

99 1103 141 1149 V
174 1101 290 1144 sunt
322 1098 549 1144 derivati.
599 1096 724 1144 Cum
757 1110 880 1144 vero
907 1101 1088 1143 ABER
1120 1097 1367 1144 lectiones
1401 1098 1645 1144 exhibent
1681 1098 1809 1144 inter

100 1170 157 1204 se
191 1158 418 1204 diversas
451 1157 779 1215 maximeque
819 1157 861 1202 si
894 1157 945 1203 in
980 1169 1041 1203 ea
1073 1161 1228 1215 parte,
1263 1157 1350 1203 ubi
1375 1161 1418 1202 A
1452 1158 1610 1211 deest,
1643 1161 1726 1203 BE
1759 1160 1809 1204 et

99 1222 138 1264 R
177 1218 305 1264 inter
348 1230 405 1264 se
451 1218 759 1275 discrepant,
803 1219 912 1263 tum
951 1222 992 1263 N
1038 1221 1087 1262 et
1118 1222 1160 1263 V
1191 1217 1364 1263 valent
1405 1218 1471 1262 ad
1515 1218 1808 1275 augendam

102 1278 211 1324 eius
255 1277 423 1335 partiS,
469 1289 689 1335 quacum
731 1277 935 1330 iaciunt,
969 1277 1334 1323 auctoritatem.
1389 1277 1541 1323 Velut
1575 1277 1661 1323 ubi
1693 1280 1810 1335 post

102 1337 167 1383 IV
194 1338 250 1383 16
292 1338 344 1383 in
390 1337 728 1384 collocatione
771 1337 1043 1383 verborum
1082 1341 1166 1382 BE
1208 1338 1453 1383 recedunt
1497 1338 1561 1383 ab
1604 1341 1663 1391 R,
1704 1349 1808 1383 non

101 1397 312 1443 dubium
339 1400 427 1451 est,
455 1397 576 1455 quin
603 1409 665 1443 ea
690 1410 819 1455 parS,
847 1397 912 1442 ad
938 1409 1091 1455 quam
1118 1398 1370 1443 accedunt
1394 1402 1435 1444 N
1462 1400 1511 1443 et
1534 1401 1597 1451 V,
1629 1410 1807 1444 verum

101 1457 394 1503 servaverit.

177 1635 291 1688 Quo
324 1638 554 1695 tempore
581 1636 756 1683 Cicero
789 1637 944 1683 libros
978 1638 1043 1683 de
1074 1636 1262 1683 finibus
1295 1637 1548 1694 scripserit
1579 1639 1719 1696 patet
1745 1649 1808 1683 ex

102 1696 331 1753 epistulis
365 1696 475 1742 eius
507 1697 573 1742 ad
605 1696 828 1743 Atticum
863 1696 1006 1743 datis.
1054 1696 1206 1742 Anno
1241 1699 1358 1743 ante
1393 1695 1502 1743 Chr.
1528 1711 1576 1743 n.
1599 1698 1660 1743 45
1692 1709 1809 1743 cum

101 1755 186 1802 ille
229 1758 345 1814 post
388 1758 602 1802 mortem
646 1756 842 1803 Tulliae
883 1757 1020 1803 filiae
1059 1756 1275 1803 Asturae
1320 1760 1715 1804 commoraretur
1757 1757 1808 1803 in

101 1815 382 1862 scribendis
414 1816 552 1862 libris
593 1817 657 1862 ad
691 1816 1070 1874 philosophiam
1114 1817 1481 1875 pertinentibus
1515 1819 1808 1875 occupatuS,

101 1875 271 1922 medio
322 1876 426 1922 fere
475 1888 653 1922 mense
696 1877 875 1922 Martio
924 1876 1140 1934 primum
1190 1876 1446 1935 cogitasse
1495 1877 1695 1923 videtur
1743 1878 1808 1923 de

101 1935 348 1993 personis„
379 1948 507 1994 quos
541 1936 592 1982 in
626 1948 781 1994 opere
815 1936 985 1994 aliquo
1021 1937 1085 1983 de
1117 1936 1304 1982 finibus
1336 1937 1588 1983 bonorum
1623 1939 1672 1983 et
1704 1950 1809 1982 ma-

102 1995 265 2041 lorum
299 1995 668 2042 conscribendo
704 1997 768 2042 de
801 1995 1065 2042 sententiis
1097 1996 1297 2054 Epicuri
1330 1997 1518 2043 faceret
1551 1997 1810 2055 disputan-

100 2057 177 2101 tes
210 2052 295 2113 (ad
327 2054 426 2102 Att.
451 2055 538 2101 XII
565 2056 701 2109 12,2:
741 2056 817 2102 De
856 2056 1082 2114 Epicuro
1125 2058 1184 2102 ut
1223 2057 1394 2112 voles;
1433 2059 1533 2103 etsi
1571 2052 1811 2112 μεθαρμό-

102 2126 240 2169 σομαι
272 2116 326 2160 in
356 2117 629 2172 posterum
660 2128 827 2173 yenus
853 2116 951 2161 hoc
981 2128 1350 2173 personarum.
1399 2116 1708 2163 Incredibile
1733 2118 1814 2163 est

102 2187 264 2232 quam
297 2187 361 2220 ea
394 2175 614 2232 quidam
647 2177 936 2233 requirant.
978 2176 1052 2223 ad
1084 2177 1335 2234 antiquos
1371 2178 1560 2234 iyitur,·
1591 2175 1811 2232 ἀνεμέση-

100 2248 182 2277 τον
207 2231 330 2291 γάρ).
379 2233 643 2280 Scribebat
675 2237 846 2280 autem
885 2237 993 2280 tum
1026 2234 1340 2282 Academica
1381 2236 1557 2294 eisque
1590 2239 1709 2282 ante
1741 2236 1811 2282 Id.

101 2293 262 2339 Maias
286 2294 517 2352 perfectis
531 2292 617 2352 (ad
634 2293 733 2340 Att.
751 2294 838 2340 XII
853 2294 928 2348 45,
949 2295 969 2340 1
992 2293 1081 2354 [44,
1095 2295 1125 2341 3
1142 2296 1279 2353 apud
1299 2294 1350 2342 C.
1369 2295 1419 2342 F.
1437 2295 1521 2342 W.
1541 2294 1810 2354 Mueller.]:

101 2365 198 2411 eqo
231 2354 314 2400 hic
344 2354 451 2400 duo
484 2367 684 2412 maqna
717 2352 1016 2410 συντάγματα
1042 2353 1090 2413 [i.
1118 2367 1160 2402 e.
1188 2353 1423 2402 Catulum
1450 2358 1499 2403 et
1525 2354 1809 2414 Lucullum]

102 2413 335 2467 absolvi;
367 2415 513 2460 nullo
548 2415 685 2461 enim
719 2415 827 2460 alio
861 2415 1019 2461 modo
1053 2427 1087 2461 a
1120 2417 1336 2461 miseria
1368 2418 1527 2474 quasi
1558 2417 1812 2462 aberrare

99 2471 338 2583 32⁵3er
372 2473 783 2579 sigranni}
806 2474 1298 2580 ᾶέηξεῐιᾱὲῖὼξΜ
1331 2476 1617 2582 ΑΨΜ
1642 2476 1812 2591 ibri

1083 2570 1092 2580 .
1149 2548 1234 2580 uni
1273 2548 1296 2580 s
1647 2549 1661 2580 1

101 2591 201 2638 Att.
225 2591 335 2638 XIII
388 2593 430 2646 2,
448 2593 498 2639 2:
527 2546 824 2652 Torguatus
848 2593 1047 2640 Romae
1071 2596 1177 2649 est;
1208 2548 1330 2642 ηῗίεἰ
1354 2547 1533 2642 utlg‘gi
1547 2548 1810 2652 rgasmtuss).

102 2650 164 2704 In⁴
189 2651 351 2698 altero
379 2652 507 2699 libro
541 2655 820 2710 occupatus
853 2655 971 2699 ante
1004 2653 1072 2700 Id.
1099 2653 1267 2700 Iunias
1292 2654 1464 2701 scribit
1497 2655 1562 2701 ad
1587 2654 1811 2702 Atticum

101 2709 207 2766 (XII
230 2711 273 2764 5,
290 2711 320 2757 3
362 2711 449 2758 XII
473 2712 547 2758 5b
573 2710 806 2770 Muell.]):
844 2712 1098 2761 Tubulum
1121 2716 1425 2771 praetorem
1452 2715 1604 2761 video
1630 2714 1678 2761 L.
1703 2714 1812 2761 Me-

103 2771 225 2816 tello
261 2770 317 2827 Q.
396 2773 573 2818 aximo
607 2773 924 2819 consulibus
958 2785 1097 2820 nunc
1129 2775 1282 2820 velim
1306 2774 1361 2827 P.
1387 2774 1644 2820 Scaevola
1675 2786 1812 2832 pon-

103 2829 232 2886 tifex
275 2833 536 2878 maximus
585 2832 775 2890 quibus
823 2833 1126 2880 consulibus
1176 2834 1418 2881 tribunus
1457 2835 1528 2890 pl.
1570 2835 1811 2892 equidem

103 2891 234 2946 puto
250 2892 522 2948 proximiS,
543 2890 806 2950 Caepione
824 2894 876 2938 et
889 2892 1140 2951 Pompeio
1150 2907 1169 2952 ;
1195 2895 1418 2956 praetor
1434 2895 1570 2945 enim
1588 2894 1637 2946 L,
1654 2893 1812 2946 Furio
