2046 3138
93 883 147 924 14

179 149 249 200 33
603 140 688 185 DE
720 137 974 185 FINIBUS
1007 137 1159 185 BON.
1191 138 1270 185 ET
1303 139 1456 186 MAL.
1631 145 1959 187 Lib.llc.4—5

179 285 272 347 qui
291 283 479 333 Latine
505 282 696 340 sciunt,
723 280 861 331 duas
878 293 963 330 res
989 279 1277 340 subiciunt,
1302 279 1563 331 laetitiam
1589 282 1644 331 in
1670 283 1870 341 animo,

180 358 609 409 commotionem
643 368 871 406 suavem
906 354 1256 405 iucunditatis
1282 356 1336 404 in
1371 369 1611 418 corpore.
1665 370 1793 406 nam
1820 362 1872 407 et

180 432 270 483 ille
296 431 443 494 apud
462 430 728 480 Trabeam
759 424 1118 491 ‘voluptatem
1145 430 1312 479 animi
1338 425 1584 479 nimiam'
1611 430 1870 481 laetitiam

180 507 308 557 dicit
341 505 589 563 eandem,
623 518 788 567 quam
822 503 912 554 ille
939 502 1295 563 Caecilianus,
1328 505 1421 567 qui
1457 499 1731 556 ‘omnibus
1765 505 1872 556 lae-

179 582 307 631 titiis
354 574 577 631 laetum'
625 593 747 629 esse
795 592 854 628 se
897 583 1088 628 narrat.
1155 579 1252 629 sed
1297 579 1404 629 hoc
1442 579 1676 638 interest,
1721 580 1870 643 quod
1917 591 1940 626 5

177 655 435 718 voluptas
469 654 661 704 dicitur
687 654 850 704 etiam
878 653 932 701 in
958 654 1143 704 animo
1170 679 1239 686 —
1264 654 1465 704 vitiosa
1488 667 1588 712 reS,
1621 659 1679 704 ut
1704 653 1870 705 Stoici

180 734 385 793 putant,
427 729 520 792 qui
555 743 677 779 eam
712 729 790 778 sic
823 726 1110 778 definiunt:
1153 727 1520 778 sublationem
1553 729 1721 778 animi
1753 730 1871 779 sine

179 805 388 855 ratione
430 804 705 866 opinantis
746 817 806 853 se
839 815 1043 865 magno
1085 803 1234 853 bono
1276 802 1375 852 frui
1409 827 1494 861 -,
1526 817 1638 854 non
1681 803 1872 854 dicitur

180 879 385 930 laetitia
416 893 518 929 nec
550 878 813 941 gaudium
847 876 902 925 in
936 891 1176 939 corpore.
1232 878 1286 927 in
1313 891 1380 927 eo
1407 882 1589 927 autem
1614 877 1871 940 voluptas

181 954 427 1004 omnium
462 953 651 1003 Latine
691 952 1033 1015 loquentium
1075 965 1226 1002 more
1267 952 1498 1014 ponitur,
1540 965 1663 1002 cum
1705 953 1872 1015 perci·
1896 964 1940 999 ιο

181 1029 320 1091 pitur
339 1042 418 1086 ea,
444 1041 587 1090 quae
606 1041 829 1078 sensum
848 1024 1087 1089 aliquem
1106 1031 1343 1085 moveat,
1368 1026 1691 1077 iucunditas,
1731 1026 1873 1077 hanc

181 1116 403 1166 quoque
444 1102 853 1160 iucunditatem,
895 1103 939 1151 si
979 1102 1078 1160 viS,
1120 1101 1345 1151 transfer
1385 1101 1440 1150 in
1474 1102 1739 1159 animum;
1780 1102 1872 1151 iu-

179 1191 332 1227 vare
374 1177 518 1227 enim
560 1177 615 1226 in
656 1181 887 1238 utroque
929 1176 1135 1235 dicitur,
1177 1190 1242 1226 ex
1277 1189 1457 1238 eoque
1497 1175 1871 1234 iucundum,

181 1252 350 1303 modo
392 1251 679 1314 intellegas
719 1252 855 1300 inter
894 1251 1062 1310 illum,
1103 1251 1196 1314 qui
1230 1250 1393 1300 dicat:
1437 1244 1631 1300 ‘Tanta
1669 1250 1874 1300 laetitia

178 1327 369 1376 auctus
410 1339 547 1384 sum,
587 1330 646 1375 ut
685 1325 819 1375 nihil
853 1319 1101 1384 constet',
1143 1329 1196 1375 et
1229 1338 1370 1383 eum,
1412 1325 1526 1388 qui:
1571 1318 1748 1374 ‘Nunc
1780 1324 1872 1375 de·
1898 1337 1941 1372 15

177 1415 327 1450 mum
369 1400 502 1450 mihi
536 1401 752 1450 animus
786 1395 972 1459 ardet’‚
1006 1413 1238 1463 quorum
1265 1399 1397 1449 alter
1429 1398 1635 1449 laetitia
1658 1400 1870 1462 gestiat,

178 1475 309 1525 alter
358 1474 547 1525 dolore
595 1475 870 1534 crucietur,
934 1488 1056 1525 esse
1111 1473 1262 1524 illum
1318 1473 1583 1524 medium:
1649 1468 1871 1529 ‘Quam-

178 1563 343 1613 quam
400 1549 538 1600 haec
585 1550 720 1600 inter
774 1564 877 1600 nos
928 1550 1102 1611 niiper
1151 1548 1345 1599 notitia
1395 1547 1696 1598 admodum
1754 1542 1870 1606 est',

178 1625 271 1687 qui
306 1638 408 1674 nec
451 1623 678 1675 laetetur
718 1638 820 1675 nec
860 1629 1103 1687 angatur,
1144 1623 1385 1685 itemque
1425 1623 1561 1673 inter
1595 1636 1735 1682 eum,
1777 1623 1870 1686 qui

179 1699 414 1760 potiatur
462 1699 703 1761 corporis
755 1699 1006 1761 expetitis
1049 1697 1441 1759 voluptatibus,
1494 1702 1546 1747 et
1593 1711 1734 1756 eum,
1779 1698 1870 1760 qui
1896 1708 1941 1743 20

179 1773 441 1823 crucietur
493 1774 723 1822 summis
779 1773 1076 1831 doloribuS,
1135 1785 1258 1822 esse
1307 1785 1448 1831 eum,
1504 1772 1597 1834 qui
1645 1776 1877 1834 utroque

180 1852 372 1898 careat.

253 1920 468 1972 Satisne
509 1922 669 1984 igitur
699 1921 892 1972 videor
930 1921 1043 1970 vim
1076 1921 1367 1971 verborum
1410 1925 1610 1979 tenere,
1651 1934 1721 1969 an
1755 1934 1876 1970 sum

180 1997 343 2046 etiam
376 2010 523 2045 nunc
553 1995 642 2046 vel
679 1994 885 2046 Graece
918 1995 1071 2058 loqui
1102 1994 1192 2044 vel
1226 1994 1415 2045 Latine
1449 1995 1771 2045 docendus?
1828 1999 1879 2044 et

178 2076 362 2121 tamen
394 2070 538 2129 vide,
579 2084 663 2129 ne,
705 2071 750 2120 si
792 2084 897 2134 ego
939 2083 1051 2120 non
1092 2068 1407 2132 intellegam
1452 2069 1583 2132 quid
1617 2068 1878 2132 Epicurus
1902 2081 1947 2116 25

179 2145 446 2208 loquatur,
490 2159 613 2195 cum
649 2143 871 2204 Graece,
912 2149 972 2194 ut
1002 2143 1208 2202 videor,
1249 2143 1549 2194 luculenter
1581 2144 1767 2202 sciam,
1810 2144 1878 2193 sit

178 2219 364 2282 aliqua
396 2219 557 2281 culpa
591 2219 722 2278 eius,
757 2220 849 2282 qui
876 2220 950 2269 ita
981 2218 1248 2281 loquatur,
1282 2222 1341 2268 ut
1372 2232 1486 2268 non
1518 2217 1876 2281 intellegatur.

178 2293 328 2356 quod
371 2293 589 2344 duobus
634 2293 814 2344 modis
855 2294 974 2344 sine
1014 2292 1439 2355 reprehensione
1483 2292 1555 2351 fit,
1603 2292 1648 2342 si
1682 2296 1774 2342 aut
1808 2291 1877 2342 de

181 2367 445 2417 industria
476 2367 659 2426 faciaS,
692 2372 751 2418 ut
775 2367 1094 2425 HeraclituS,
1130 2361 1519 2430 ‘cognomento
1554 2367 1647 2429 qui
1674 2373 1879 2412 σκοτει-

178 2438 274 2498 νός
307 2441 631 2504 perhibetur,
666 2442 795 2505 quia
828 2442 897 2492 de
931 2447 1124 2492 natura
1155 2441 1318 2491 nimis
1352 2441 1583 2491 obscure
1609 2454 1875 2491 memora·
1898 2451 1944 2487 ³0

178 2511 291 2575 vit',
325 2520 418 2566 aut
451 2529 573 2565 cum
607 2530 782 2566 rerum
817 2516 1135 2574 obscuritaS,
1169 2529 1281 2566 non
1313 2515 1621 2573 verborum,
1663 2515 1788 2564 facit
1820 2519 1878 2564 ut

179 2604 291 2641 non
326 2589 669 2652 intellegatur
702 2591 890 2649 oratio,
932 2589 1110 2653 qualis
1154 2594 1236 2640 est
1268 2590 1322 2639 in
1356 2589 1584 2640 Timaeo
1618 2589 1875 2639 PlatoniS.

180 2664 441 2726 Epicurus
467 2668 665 2722 autem,
691 2668 749 2714 ut
775 2665 983 2726 opinor,
1010 2677 1111 2714 nec
1137 2677 1249 2714 non
1266 2663 1397 2722 vult,
1423 2664 1468 2713 si
1494 2664 1682 2726 possit,
1709 2662 1873 2726 plane

183 2743 235 2788 et
269 2742 453 2801 aperte
486 2737 653 2801 loqui,
685 2752 787 2788 nec
820 2738 888 2788 de
929 2753 984 2788 re
1011 2738 1256 2796 obscura,
1289 2742 1348 2787 ut
1381 2737 1605 2801 physici,
1639 2741 1732 2786 aut
1758 2737 1877 2786 arti-

260 2913 279 2953 1
318 2915 395 2964 qut
434 2914 576 2955 latine
616 2915 766 2955 sciunt
805 2915 883 2964 qui
921 2915 1095 2964 ubique
1128 2917 1233 2954 sunt
1276 2913 1357 2954 BE
1516 2913 1542 2953 2
1575 2913 1873 2954 iocunditatis

183 2983 371 3014 suavem
404 2972 486 3014 BE
609 2973 664 3014 21
702 2974 983 3015 excrucietur
1014 2973 1095 3014 BE

2037 2620 2046 2716 j
