2046 3138
17 159 47 212 ξ
69 160 246 203 58-—62
394 210 397 212 ,
524 154 611 201 DE
643 153 896 202 FINIBUS
930 152 1080 202 BON.
1114 153 1193 201 ET
1226 153 1379 202 MAL.
1702 160 1803 211 147

108 295 186 346 ita
230 295 471 353 sentiret,
517 299 578 345 ut
620 294 792 345 verba
838 294 1173 358 significant,
1215 293 1348 357 quid
1394 295 1535 344 inter
1578 306 1705 344 eum
1746 297 1801 343 et

107 367 195 420 vel
239 367 578 432 Pyrrhonem
621 368 710 419 vel
751 368 1068 420 Aristonem
1112 368 1441 420 interesset?
1489 368 1573 418 sin
1615 372 1800 419 autem

108 456 205 493 eos
236 456 347 493 non
381 442 668 506 probabat,
702 442 834 506 quid
868 444 1089 494 attinuit
1117 457 1239 493 cum
1273 443 1354 501 iis,
1388 442 1716 506 quibuscum
1745 455 1802 492 re

109 516 447 576 concinebat,
504 517 690 568 verbis
751 517 1105 580 discrepare?
1160 517 1308 580 quid,
1369 518 1414 568 si
1470 517 1802 568 reviviscant

61 607 84 642 5
108 591 355 643 Platonis
390 590 470 642 illi
506 596 560 643 et
594 591 856 654 deinceps
893 593 986 655 qui
1015 605 1207 643 eorum
1243 591 1527 642 auditores
1562 590 1801 649 fuerunt,

107 671 162 717 et
201 671 382 718 tecum
424 667 503 717 ita
541 665 879 730 loquantur?
932 662 1066 717 ‘Nos
1103 680 1226 716 cum
1268 672 1336 724 te,
1379 666 1450 716 M.
1490 665 1642 724 Cato,
1688 671 1800 716 stu-

109 740 490 792 diosissimum
534 740 938 804 philosophiae,
998 741 1365 792 iustissimum
1421 741 1617 799 virum,
1662 741 1804 803 opti-

107 830 258 865 mum
292 815 547 874 iudicem,
580 815 1063 879 religiosissimum
1097 821 1310 874 testem,
1343 815 1678 873 audiremuS,
1706 814 1804 865 ad-

107 891 290 940 mirati
325 904 532 948 sumuS,
568 889 700 953 quid
734 895 882 941 esset
916 903 1010 940 cur
1036 890 1198 940 nobis
1231 889 1449 940 Stoicos
1481 889 1801 948 anteferres,

42 981 85 1016 10
110 965 203 1027 qui
237 964 306 1015 de
339 964 505 1016 rebus
537 964 699 1015 bonis
732 970 786 1015 et
812 963 974 1015 malis
1009 965 1273 1016 sentirent
1304 978 1385 1023 ea,
1416 978 1558 1027 quae
1591 964 1662 1014 ab
1698 964 1804 1016 hoc

109 1038 410 1090 Polemone
447 1039 598 1090 Zeno
644 1044 999 1102 cognoverat,
1037 1039 1356 1089 nominibus
1397 1044 1682 1090 uterentur
1720 1040 1802 1097 iis,

108 1127 250 1176 quae
292 1114 471 1176 prima
513 1114 697 1176 specie
737 1113 1178 1171 admirationem,
1221 1127 1277 1164 re
1314 1113 1589 1176 explicata
1631 1114 1801 1164 risum

108 1193 410 1239 moverent.
456 1193 516 1239 tu
553 1193 754 1246 autem,
792 1188 838 1238 si
874 1187 972 1239 tibi
1003 1187 1098 1238 illa
1135 1187 1528 1250 probabantur,
1565 1202 1660 1238 cur
1690 1202 1800 1238 non

110 1263 349 1325 propriis
385 1262 569 1313 verbis
606 1276 672 1313 ea
707 1262 974 1313 tenebas?
1022 1262 1106 1312 sin
1137 1268 1189 1313 te
1224 1263 1525 1313 auctoritas
1561 1276 1803 1313 commo-

42 1355 84 1390 15
107 1337 288 1395 vebat,
330 1337 564 1388 nobisne
607 1336 867 1387 omnibus
908 1342 962 1388 et
1004 1336 1221 1387 Platoni
1258 1337 1365 1399 ipsi
1407 1337 1594 1388 nescio
1638 1351 1800 1400 quem

109 1411 263 1461 illum
291 1411 711 1474 anteponebas?
749 1412 1073 1474 praesertim
1101 1425 1224 1461 cum
1252 1412 1306 1461 in
1328 1425 1386 1462 re
1411 1411 1633 1474 publica
1658 1413 1804 1474 prin-

107 1500 236 1549 ceps
268 1500 391 1537 esse
422 1485 595 1537 velles
627 1485 699 1536 ad
732 1499 966 1549 eamque
996 1485 1260 1537 tuendam
1295 1500 1418 1536 cum
1455 1500 1673 1537 summa
1707 1492 1803 1538 tua

109 1560 380 1624 dignitate
413 1561 652 1611 maxime
687 1573 720 1610 a
751 1560 913 1610 nobis
948 1561 1131 1611 ornari
1160 1565 1326 1623 atque
1359 1561 1554 1611 instrui
1590 1575 1801 1624 posses,

111 1632 214 1701 (a)
240 1635 401 1685 nobis
428 1635 575 1686 enim
602 1635 709 1686 ista
737 1635 1003 1698 quaesita,
1035 1649 1068 1685 a
1092 1635 1254 1685 nobis
1281 1635 1572 1698 descripta,
1597 1641 1802 1694 notata,

39 1715 407 1772 zopraecepta
454 1715 597 1768 sunt,
645 1709 1003 1772 omniumque
1064 1723 1245 1760 rerum
1293 1709 1639 1773 publicarum
1691 1724 1804 1761 rec-

110 1785 277 1835 tionis
322 1797 541 1847 genera,
589 1789 782 1842 statuS‚
827 1784 1178 1842 mutationes,
1223 1783 1377 1847 leges
1415 1785 1582 1835 etiam
1627 1790 1681 1836 et
1725 1786 1803 1835 in-

109 1859 301 1910 stituta
331 1873 397 1909 ac
425 1871 609 1909 mores
642 1859 928 1909 civitatum
960 1859 1401 1922 perscripsimus.
1454 1858 1804 1923 eloquentiae

110 1947 258 1992 vero,
301 1947 444 1996 quae
484 1939 539 1984 et
579 1933 922 1996 principibus
963 1933 1206 1984 maximo
1242 1939 1569 1985 ornamento
1611 1940 1709 1994 est,
1750 1940 1804 1986 et

111 2021 220 2070 qua
266 2013 319 2059 te
367 2007 628 2058 audimus
673 2007 859 2057 valere
907 2006 1221 2070 plurimum,
1266 2014 1532 2070 quantum
1580 2009 1678 2060 tibi
1735 2023 1803 2060 ex

40 2086 484 2140 25monumentis
538 2083 743 2133 nostris
799 2079 1165 2133 addidisses?
1214 2081 1291 2132 Ea
1345 2096 1468 2134 cum
1519 2083 1804 2142 dixissent,

111 2156 243 2219 quid
292 2156 516 2207 tandem
564 2155 769 2207 taliB'us
814 2156 948 2206 viris
996 2156 1403 2219 responderes?

185 2231 457 2294 Rogarem
492 2236 560 2288 te,
597 2230 788 2292 inquit,
824 2235 884 2281 ut
920 2230 1130 2282 diceres
1160 2244 1261 2293 pro
1295 2245 1383 2282 me
1418 2238 1476 2283 tu
1508 2232 1671 2291 idem,
1709 2234 1801 2296 qui

111 2305 220 2356 illis
245 2306 553 2356 orationem
580 2304 924 2363 dictavisses‚
948 2304 1037 2355 vel
1064 2306 1250 2368 potius
1271 2306 1499 2368 paulum
1524 2306 1630 2357 loci
1655 2308 1803 2366 mihi,

188 2449 207 2489 1
246 2452 291 2489 et
316 2460 404 2490 om.
430 2448 513 2489 BE
598 2449 624 2489 2
650 2449 726 2490 vel
749 2445 924 2500 (prius)
950 2460 1039 2490 om.
1065 2448 1153 2490 RV
1186 2450 1512 2506 uglpurronem
1538 2450 1579 2491 N
1611 2446 1809 2503 (puncta

111 2524 172 2565 ab
206 2525 289 2565 alt.
323 2520 403 2573 m.)
527 2524 553 2565 3
587 2535 688 2564 cum
722 2524 1131 2574 iis...discrepare
1161 2523 1281 2566 Non.
1311 2538 1359 2576 ρ.
1375 2529 1428 2565 43
1520 2524 1808 2580 quibuslcum

111 2584 151 2624 N
186 2584 354 2633 quibus
379 2593 481 2623 cum
506 2583 548 2624 V
580 2585 748 2633 quibus
773 2594 878 2624 eum
904 2583 942 2624 R
974 2594 1077 2624 cum
1107 2580 1216 2633 (om.
1244 2582 1432 2636 quibus)
1464 2584 1547 2626 BE
1580 2596 1682 2626 cum
1710 2587 1809 2636 qui-

112 2644 197 2683 bus
221 2642 341 2683 Non.
435 2653 482 2683 re
514 2644 792 2684 concinebat
818 2643 859 2684 Ν
869 2637 932 2684 ¹V
965 2644 1290 2685 reconcinebat
1317 2644 1354 2686 R
1387 2645 1705 2686 recontinebat
1728 2645 1811 2686 BE

113 2713 159 2743 re
191 2703 522 2743 concinebatur
543 2702 663 2744 Non.
698 2713 745 2743 re
776 2704 1086 2744 conveniebat
1109 2697 1174 2744 Ν’Ι
1267 2704 1322 2744 14
1354 2715 1410 2745 ea
1435 2703 1527 2745 NV
1559 2715 1640 2745 eas
1664 2705 1702 2746 R
1734 2706 1811 2746 illa

112 2762 194 2803 BE
273 2761 327 2802 19
356 2764 467 2803 add.
486 2763 642 2804 Lamb.
719 2762 778 2802 20
806 2763 1021 2804 rectionis
1042 2763 1166 2805 Mdv.
1199 2765 1428 2805 rectiones
1452 2763 1631 2806 BERN
1664 2769 1809 2806 recto-

112 2833 182 2863 res
206 2821 248 2863 V
338 2822 390 2862 21
429 2823 557 2872 leges
583 2823 720 2863 etiam
747 2826 792 2863 et
815 2822 947 2863 ERN
979 2823 1108 2873 leges
1141 2826 1186 2864 et
1211 2825 1348 2864 etiam
1376 2824 1412 2864 B
1446 2827 1492 2864 et
1518 2825 1655 2864 etiam
1681 2825 1810 2875 leges

112 2884 157 2922 et
173 2881 214 2922 V
282 2881 339 2922 23
366 2883 565 2923 maximo
584 2885 855 2923 ornamento
872 2882 960 2924 RV
984 2884 1183 2924 maximo
1207 2894 1234 2924 e
1256 2887 1527 2925 ornamento
1545 2883 1582 2924 B
1609 2886 1809 2926 maximo

113 2944 410 2983 cornamento
435 2941 470 2982 E
503 2943 700 2982 maxime
725 2938 772 2991 (e
796 2953 851 2982 ex
874 2954 992 2984 corr.
1012 2954 1069 2984 m.
1089 2941 1193 2994 alt.)
1220 2947 1490 2984 ornamento
1515 2943 1557 2984 N
1649 2948 1695 2985 et
1719 2956 1811 2995 qua

113 3004 157 3041 te
177 3032 208 3042 ..
226 3032 235 3041 .
255 3001 495 3050 plurimum
522 3013 610 3043 om.
629 3002 669 3042 N
761 3001 818 3042 24
851 3003 1110 3043 audivimus
1136 3003 1223 3044 RV
1315 3004 1370 3044 25
1406 3004 1701 3045 monimentis
1724 3004 1811 3047 RV

1454 3077 1539 3119 10*

1836 531 1888 572 61

1838 2249 1895 2290 62
