2002 3068
517 559 603 628 M.
636 559 886 626 TULLI
936 557 1392 625 CICERONIS

139 664 254 730 DE
303 664 641 732 FINIBUS
690 663 1130 731 BONORUM
1176 663 1284 728 ET
1336 660 1780 728 MALORUM

717 781 883 828 LIBRI
917 779 1212 832 QUINQUE

724 907 922 958 LIBER
960 906 1218 958 PRIMUS

60 1015 82 1049 5
181 997 306 1049 Non
333 1012 481 1048 eram
507 998 745 1058 nesciUS,
771 997 950 1058 Brute,
976 1012 1117 1057 cum,
1144 1011 1288 1061 quae
1318 998 1548 1048 summis
1575 997 1813 1061 ingeniis

108 1074 491 1136 exquisitaque
524 1072 770 1124 doctrina
803 1073 1122 1136 philosophi
1151 1071 1362 1123 Graeco
1390 1086 1647 1123 sermone
1679 1078 1812 1124 trac-

105 1148 385 1207 tavissent,
428 1162 494 1198 ea
542 1148 746 1198 Latinis
787 1148 974 1199 litteris
1015 1147 1421 1206 mandaremuS,
1467 1147 1582 1198 fore
1628 1153 1686 1198 ut
1727 1147 1815 1197 hic

107 1227 292 1273 noster
330 1222 485 1273 labor
524 1223 579 1272 in
612 1224 792 1273 varias
835 1223 1292 1286 reprehensiones
1327 1223 1633 1274 incurreret.
1683 1236 1813 1272 nam

108 1297 456 1360 quibusdam,
498 1302 549 1348 et
582 1298 648 1348 iis
683 1297 907 1361 quidem
941 1312 1054 1348 non
1095 1297 1400 1349 admodum
1441 1297 1693 1356 indoctiS,
1735 1302 1815 1348 to-

41 1387 84 1423 10
107 1377 223 1422 tum
256 1372 363 1423 hoc
388 1372 638 1435 displicet
665 1372 1058 1436 philosophari.
1093 1372 1320 1436 quidam
1347 1377 1533 1422 autem
1559 1386 1674 1423 non
1699 1377 1813 1422 tam

108 1447 164 1497 id
204 1447 622 1510 reprehendunt,
663 1448 709 1497 si
750 1448 1032 1498 remissius
1074 1452 1281 1511 agatur,
1326 1447 1426 1497 sed
1459 1452 1672 1498 tantum
1706 1452 1815 1497 stu-

109 1522 261 1572 dium
304 1527 529 1585 tamque
573 1522 802 1573 multam
851 1536 1076 1585 operam
1123 1522 1443 1585 ponendam
1490 1523 1545 1572 in
1591 1535 1658 1573 eo
1703 1535 1817 1573 non

109 1597 444 1648 arbitrantur.
502 1602 656 1647 erunt
697 1598 877 1656 etiam,
919 1603 971 1647 et
1012 1599 1048 1647 ii
1091 1596 1317 1660 quidem
1362 1597 1560 1648 eruditi
1595 1596 1818 1648 Graecis

109 1671 310 1730 litteriS‚
344 1677 759 1723 contemnentes
792 1671 1027 1731 LatinaS,
1062 1673 1156 1736 qui
1191 1686 1251 1723 se
1284 1671 1469 1722 dicant
1506 1672 1562 1722 in
1595 1670 1819 1723 Graecis

43 1762 86 1796 15
110 1746 360 1810 legendis
391 1760 626 1809 ‘operam
667 1746 832 1797 malle
873 1761 1214 1798 consumere.
1272 1751 1551 1810 postremo
1594 1746 1813 1810 aliquos

109 1821 317 1872 futuros
351 1822 613 1884 suspicor,
647 1823 740 1885 qui
773 1835 863 1872 me
896 1821 966 1871 ad
993 1822 1129 1872 alias
1155 1822 1358 1872 litteras
1386 1827 1601 1881 vocent,
1635 1835 1813 1886 genus

110 1896 215 1947 hoc
241 1896 527 1955 scribendi,
562 1898 662 1947 etsi
689 1897 756 1947 sit
782 1896 1022 1960 eleganS,
1050 1911 1322 1960 personae
1346 1902 1531 1948 tamen
1560 1902 1613 1947 et
1638 1896 1814 1961 digni-

109 1972 233 2021 tatis
267 1985 391 2022 esse
422 1976 639 2035 negent.
696 1977 883 2023 contra
916 1986 1058 2035 quos
1092 1972 1272 2023 omnis
1307 1971 1604 2023 dicendum
1639 1972 1814 2022 brevi·
1852 1977 1878 2017 2

110 2052 190 2096 ter
224 2046 494 2097 existimo.

42 2135 88 2171 20
187 2119 540 2184 Quamquam
574 2120 961 2183 philosophiae
991 2121 1216 2184 quidem
1240 2122 1702 2184 vituperatoribus
1729 2135 1813 2173 sa-

112 2196 180 2245 tis
212 2209 541 2258 responsum
567 2201 649 2246 est
674 2209 741 2247 eo
768 2195 921 2255 libro,
954 2209 1066 2259 quo
1093 2209 1127 2247 a
1150 2196 1315 2247 nobis
1341 2195 1698 2260 philosophia
1727 2196 1818 2248 de-

113 2270 270 2321 fensa
309 2276 361 2321 et
401 2270 715 2322 collaudata
747 2276 842 2330 est,
887 2285 1012 2322 cum
1047 2275 1192 2322 esset
1231 2275 1490 2322 accusata
1522 2276 1574 2322 et
1605 2272 1818 2335 vitupe-

114 2350 228 2395 rata
260 2345 330 2396 ab
364 2344 673 2397 Hortensio.
723 2346 817 2410 qui
850 2345 986 2396 liber
1018 2359 1143 2396 cum
1177 2350 1230 2396 et
1253 2345 1351 2396 tibi
1377 2346 1641 2409 probatus
1667 2346 1819 2397 vide-

114 2425 255 2470 retur
289 2426 341 2471 et
381 2421 461 2479 iis,
503 2434 644 2484 quos
687 2434 792 2484 ego
835 2434 1002 2484 posse
1042 2420 1284 2472 iudicare
1324 2421 1622 2481 arbitrarer,
1667 2420 1822 2484 plura

45 2508 90 2544 23
114 2496 332 2558 suscepi
364 2496 567 2546 veritus
600 2509 671 2546 ne
702 2509 927 2547 movere
955 2495 1243 2547 hominum
1270 2495 1453 2547 studia
1477 2495 1705 2555 viderer,
1739 2510 1816 2548 re-

113 2570 284 2621 tinere
316 2584 429 2621 non
463 2584 644 2633 posse.
703 2568 810 2626 Qui
852 2575 1052 2629 autem,
1093 2571 1138 2621 si
1173 2571 1414 2621 maxime
1448 2570 1556 2622 hoc
1589 2570 1817 2634 placeat,

114 2644 449 2696 moderatius
488 2650 674 2696 tamen
715 2644 770 2695 id
810 2644 1006 2697 volunt
1044 2644 1174 2704 fieri,
1216 2645 1494 2696 difficilem
1537 2644 1818 2709 quandam

114 2721 529 2782 temperantiam
570 2719 850 2783 postulant
890 2720 945 2770 in
979 2733 1069 2779 ec,
1115 2720 1267 2784 quod
1310 2719 1482 2771 semel
1516 2719 1822 2771 admissum

190 2837 241 2878 21
279 2838 578 2888 philosophia
617 2849 645 2879 a
682 2839 819 2880 nobis
858 2837 942 2879 BE
1078 2838 1135 2879 26
1176 2839 1327 2889 placet
1366 2838 1500 2880 BEV
1642 2837 1698 2879 28
1732 2839 1815 2879 ad-

119 2897 304 2938 missum
337 2898 451 2939 dett.
485 2898 576 2938 iam
611 2899 799 2940 missum

206 2973 289 3011 Cic.
313 2974 359 3009 43
1499 2972 1519 3014 1

1845 967 1869 1019 1

1842 1042 1862 1082 1
