2046 3138
45 150 72 202 §
97 150 267 193 13-17
546 144 632 191 DE
666 142 920 191 FINIBUS
954 142 1104 190 BON.
1139 143 1216 189 ET
1260 142 1414 189 MAL.
1763 149 1833 200 39

132 289 338 346 ficiosa,
370 291 429 338 ut
462 285 847 344 mathematici,
889 285 987 336 sed
1028 285 1098 336 de
1139 284 1327 336 illustri
1370 289 1422 336 et
1455 284 1597 335 facili
1639 288 1692 335 et
1724 284 1832 335 iam

133 365 187 415 in
219 362 419 426 vulgus
453 365 753 425 pervagata
784 359 1036 424 loquitur.

207 436 558 501 Quamquam
592 450 704 487 non
737 436 952 499 negatis
985 449 1088 486 nos
1122 434 1440 498 intellegere
1473 434 1605 498 quid
1640 434 1709 485 sit
1736 447 1835 484 vo-

133 514 328 577 luptaS‚
385 512 483 563 sed
517 510 650 574 quid
683 510 774 561 ille
808 510 966 561 dicat.
1024 524 1054 561 e
1088 524 1198 573 quo
1227 509 1468 569 efficitur,
1502 523 1614 560 non
1640 514 1699 559 ut
1730 523 1834 560 nos

85 598 108 633 5
132 603 244 640 non
278 586 662 650 intellegamus
703 599 846 649 quae
886 586 971 636 vis
1012 585 1081 635 sit
1121 585 1276 635 istius
1308 585 1476 643 verbi,
1521 584 1619 635 sed
1654 588 1712 634 ut
1744 583 1834 635 ille

133 677 235 714 suo
278 676 429 713 more
469 661 737 724 loquatur,
782 665 1027 711 nostrum
1069 659 1341 723 neglegat.
1412 660 1456 709 si
1500 660 1645 710 enim
1687 658 1834 710 idem

134 738 276 797 dicit,
318 736 469 800 quod
510 735 893 799 Hieronymus,
935 735 1028 798 qui
1070 739 1257 785 censet
1304 748 1580 784 summum
1625 734 1834 785 bonum

135 827 256 864 esse
283 813 402 862 sine
435 811 548 861 ulla
573 810 828 862 molestia
851 811 1052 869 vivere,
1087 824 1179 860 cur
1203 808 1413 859 mavult
1438 809 1618 859 dicere
1641 808 1836 872 volup-

134 892 300 939 tatem
342 901 508 950 quam
540 887 872 936 vacuitatem
907 885 1126 944 doloriS,
1167 889 1226 934 ut
1264 883 1355 934 ille
1395 883 1534 943 facit,
1575 885 1669 946 qui
1703 883 1835 947 quid

68 973 111 1008 10
136 963 281 1013 dicat
325 961 627 1024 intellegit?
698 961 782 1011 sin
828 964 1012 1010 autern
1055 959 1399 1021 voluptatem
1444 963 1598 1021 putat
1646 958 1837 1009 adiun-

135 1037 376 1102 gendam
418 1050 555 1095 earn,
597 1049 740 1099 quae
780 1036 849 1085 sit
888 1036 943 1084 in
983 1039 1138 1085 motu
1178 1059 1247 1066 —
1290 1035 1368 1084 sic
1408 1034 1554 1084 enirn
1596 1032 1838 1096 appellat

135 1113 278 1163 hanc
318 1110 557 1162 dulcem:
595 1105 668 1160 ‘in
702 1105 892 1168 motu',
926 1109 1075 1159 illam
1101 1108 1236 1159 nihil
1263 1108 1500 1159 dolentis
1535 1103 1609 1158 ‘in
1634 1107 1839 1159 stabili-

135 1182 264 1238 tate'
299 1211 385 1246 ——,
419 1186 551 1249 quid
584 1185 794 1236 tendit?
851 1199 974 1235 curn
1017 1184 1231 1235 efficere
1270 1198 1383 1235 non
1424 1184 1599 1246 possit
1638 1187 1698 1234 ut
1730 1183 1839 1234 cui-

137 1276 319 1326 quam,
360 1261 453 1324 qui
487 1261 606 1323 ipse
639 1260 743 1310 sibi
776 1263 940 1310 notus
974 1260 1056 1318 sit,
1102 1259 1209 1309 hoc
1250 1262 1332 1309 est
1365 1259 1459 1321 qui
1493 1271 1650 1309 suam
1684 1262 1839 1308 natu-

70 1347 113 1382 15
137 1351 251 1388 ram
278 1349 614 1399 sensumque
633 1335 982 1398 perspexerit,
1007 1335 1255 1384 vacuitas
1282 1332 1487 1384 doloris
1511 1337 1564 1383 et
1579 1332 1838 1395 voluptas

136 1412 283 1463 idem
318 1424 440 1462 esse
463 1410 728 1461 videatur.
785 1409 893 1460 hoc
918 1413 1000 1460 est
1023 1409 1135 1458 vim
1163 1407 1367 1467 afferre,
1400 1407 1691 1471 Torquate,
1718 1421 1840 1459 sen-

137 1487 304 1546 sibuS,
339 1490 660 1548 extorquere
695 1499 761 1536 ex
787 1485 984 1535 animis
1012 1484 1358 1548 cognitiones
1381 1483 1690 1542 verborum,
1724 1483 1841 1546 qui-

137 1562 240 1612 bus
274 1561 449 1611 inbuti
482 1574 687 1610 sumuS.
744 1560 866 1622 quis
902 1560 1048 1610 enim
1083 1563 1178 1617 est,
1212 1559 1306 1621 qui
1339 1572 1452 1609 non
1483 1557 1672 1608 videat
1704 1557 1842 1608 haec

139 1650 261 1687 esse
287 1637 342 1686 in
371 1639 565 1685 natura
588 1648 764 1685 rerum
798 1634 934 1685 tria?
978 1648 1165 1692 unum,
1199 1647 1322 1682 curn
1356 1634 1412 1682 in
1436 1632 1721 1695 voluptate
1755 1646 1842 1683 su-

70 1721 115 1757 20
138 1725 276 1770 muS,
309 1710 553 1768 alterum,
587 1723 711 1760 curn
742 1709 796 1758 in
823 1708 1029 1767 dolore,
1062 1708 1278 1758 tertium
1311 1708 1432 1766 hoe,
1466 1708 1521 1757 in
1551 1721 1662 1771 quo
1696 1721 1843 1757 nunc

140 1785 398 1850 equidem
433 1799 570 1843 sum,
605 1784 767 1835 credo
802 1784 931 1834 item
956 1797 1074 1842 VOS,
1107 1797 1210 1834 nec
1242 1783 1296 1832 in
1323 1782 1514 1834 dolore
1539 1796 1642 1833 nec
1667 1782 1721 1832 in
1745 1796 1843 1833 vo-

138 1860 368 1924 luptate:
401 1864 461 1910 ut
492 1860 547 1909 in
578 1858 864 1921 voluptate
897 1859 979 1917 sit,
1013 1858 1106 1921 qui
1134 1857 1396 1920 epuletur,
1430 1858 1485 1907 in
1512 1857 1718 1916 dolore,
1748 1857 1842 1921 qui

138 1939 467 1999 torqueatur.
523 1939 581 1984 tu
622 1938 806 1984 autem
848 1934 984 1984 inter
1017 1932 1154 1983 haec
1193 1937 1401 1983 tantam
1435 1932 1841 1983 multitudinem

140 2011 427 2062 hominum
462 2009 798 2060 interiectam
824 2022 937 2059 non
961 2007 1120 2059 vides
1145 2022 1248 2058 nec
1273 2007 1593 2059 laetantium
1619 2021 1722 2058 nec
1747 2007 1844 2058 do-

74 2096 119 2131 25
143 2086 408 2138 lentium?

216 2160 341 2211 Non
376 2172 611 2222 prorsuS,
646 2158 835 2221 inquit,
870 2158 1177 2220 omnisque,
1218 2158 1311 2221 qui
1346 2158 1464 2207 sine
1498 2157 1689 2208 dolore
1723 2158 1843 2216 sint,

144 2236 198 2285 in
229 2234 530 2297 voluptate,
564 2237 617 2284 et
649 2246 716 2284 ea
749 2232 973 2295 quidem
1007 2246 1237 2291 summa,
1272 2246 1394 2283 esse
1428 2231 1567 2284 dice.

219 2309 358 2374 Ergo
408 2309 463 2358 in
506 2308 701 2359 eadem
748 2307 1034 2370 voluptate
1087 2321 1228 2366 eum,
1277 2308 1369 2371 qui
1418 2306 1570 2358 alteri
1618 2308 1846 2358 misceat

144 2384 382 2510 rgusslsum
432 2384 551 2446 ipse
607 2396 719 2434 non
777 2383 981 2442 sitienS,
1038 2386 1090 2434 et
1139 2396 1280 2441 eum,
1338 2382 1431 2446 qui
1481 2381 1615 2433 illud
1657 2383 1845 2434 sitiens

78 2469 123 2505 30
187 2460 335 2510 iat?
411 2481 413 2483 ·

227 2607 246 2648 1
284 2610 330 2649 et
362 2608 452 2647 iam
484 2607 535 2648 P.
559 2606 687 2648 Μαη.
728 2606 866 2648 etiam
901 2601 1068 2655 (eclam
1092 2602 1153 2656 V)
1291 2605 1317 2647 2
1350 2606 1550 2656 loquitur
1582 2601 1616 2655 (i
1649 2607 1697 2647 in
1731 2602 1847 2655 ras.)

148 2667 188 2708 N
220 2667 435 2717 loquatur
466 2662 631 2718 (etiam
664 2662 726 2717 A)
866 2666 890 2706 7
925 2666 1047 2707 dicat
1076 2664 1215 2707 RNV
1357 2665 1412 2706 10
1446 2667 1574 2715 putat
1605 2664 1688 2706 BE
1720 2667 1850 2716 putat

149 2727 272 2769 dicat
302 2725 442 2768 ARN
475 2727 598 2768 dicat
628 2725 670 2768 V
801 2725 855 2766 18
888 2727 958 2767 est
990 2725 1112 2767 enlm
1145 2724 1277 2767 BEN
1407 2724 1459 2766 21
1496 2725 1714 2775 equidem
1746 2736 1848 2766 sum

148 2786 272 2829 Mdv.
306 2787 493 2836 quidem
526 2796 684 2826 sumus
718 2784 908 2827 ARNV
938 2796 1096 2826 sumus
1128 2784 1210 2826 BE
1370 2785 1478 2826 item
1510 2784 1692 2826 Ernest.
1725 2785 1847 2826 idem

150 2839 477 2888 ABER²N¹V
517 2845 704 2896 quidem
737 2839 802 2886 N²
840 2847 887 2887 et
922 2845 1034 2896 fort.
1067 2838 1143 2892 1³¹,
1192 2845 1273 2886 ubi
1316 2846 1479 2886 littera
1512 2844 1526 2884 i
1558 2845 1739 2898 scripta
1778 2847 1852 2886 est

151 2911 600 3038 supeggqfisiqsgde),
641 2936 774 2976 cuius
808 2936 855 2975 in
889 2935 992 2977 loco
1024 2934 1172 2986 fuisse
1201 2935 1364 2986 potest
1395 2944 1424 2984 q
1561 2944 1645 2975 vos
1684 2927 1850 2975 AN²v

153 3004 240 3036 nos

1871 661 1924 703 16

1880 2161 1932 2202 17
