2046 3138
26 152 57 205 ἓ
84 154 257 198 13-18
536 151 621 198 DE
654 150 908 199 FINIBUS
941 150 1092 199 BON.
1125 150 1205 198 ET
1237 150 1390 199 MAL.
1713 158 1816 210 163

122 304 233 353 quo
275 290 538 354 quodque
577 290 874 350 reseratum
914 305 983 342 ex
1026 305 1153 355 qu0,
1191 291 1247 341 id
1290 291 1439 354 quod
1486 304 1680 342 omnes
1724 304 1816 342 ex·
1853 301 1907 343 16

124 370 334 427 petunt,
367 365 528 416 beate
559 366 786 416 vivendi
819 366 961 418 ratio
994 366 1229 417 inveniri
1261 371 1315 417 et
1349 366 1658 429 comparari
1697 370 1818 429 pot-

123 444 220 490 est.
277 439 425 502 quod
470 440 732 503 quoniam
777 441 832 490 in
878 453 988 503 quo
1029 441 1100 492 sit
1141 453 1347 504 magna
1394 440 1671 491 dissensio
1718 444 1816 498 est,

126 513 447 564 Carneadea
469 514 631 565 nobis
661 514 978 565 adhibenda
1002 515 1205 565 divisio
1228 520 1329 574 est,
1357 529 1466 577 qua
1492 520 1682 566 noster
1708 514 1820 564 An-

10 574 11 590 *
81 602 103 635 5
126 588 343 639 tiochus
381 588 614 640 libenter
651 590 730 640 uti
768 588 925 640 solet.
972 589 1064 640 ille
1103 590 1272 653 igitur
1306 588 1462 648 vidit,
1498 603 1610 640 non
1647 589 1817 640 modo

127 667 262 725 quot
298 662 537 714 fuissent
574 663 758 714 adhuc
793 663 1255 727 philosophorum
1293 664 1361 714 de
1401 677 1619 715 summo
1655 664 1818 722 bon0,

127 735 225 787 sed
257 743 392 800 quot
421 738 648 789 omnino
677 751 801 790 esse
830 743 1060 801 possent
1091 739 1410 790 sententiae.
1449 738 1691 802 negabat
1720 739 1820 801 igi-

126 817 215 862 tur
250 811 422 862 ullam
460 825 584 863 esse
619 818 808 872 artem,
845 826 986 876 quae
1024 813 1148 876 ipsa
1183 827 1216 863 a
1252 827 1312 864 se
1349 812 1819 877 proficisceretur;

126 886 327 937 etenim
366 899 584 949 semper
621 886 759 937 illud
795 892 952 939 extra
984 893 1083 946 est,
1122 888 1272 951 quod
1309 893 1426 939 arte
1462 887 1819 951 comprehen-

10 957 12 1028 μ
60 974 104 1008 10
128 959 290 1011 ditur.
333 960 470 1011 nihil
505 975 648 1024 opus
681 967 765 1013 est
797 961 1067 1025 exemplis
1099 962 1217 1013 hoc*
1237 961 1420 1013 facere
1453 961 1692 1026 longiuS.
1735 971 1820 1013 est

125 1034 271 1085 enim
314 1036 668 1098 perspicuum
710 1036 920 1086 nullam
961 1042 1135 1088 artem
1174 1037 1355 1100 ipsam
1398 1037 1453 1087 in
1495 1050 1554 1088 se
1592 1037 1818 1095 versari,

126 1108 226 1159 sed
267 1122 390 1160 esse
432 1109 585 1160 aliud
626 1116 800 1162 artem
840 1111 1036 1174 ipsam,
1078 1110 1231 1161 aliud
1274 1111 1424 1175 quod
1467 1112 1816 1175 propositum

127 1183 197 1234 sit
228 1184 347 1234 arti.
391 1185 654 1247 quoniam
685 1185 868 1248 igitur,
899 1190 960 1236 ut
990 1185 1266 1236 medicina
1294 1185 1635 1245 valitudinis,
1665 1187 1820 1237 navi·-

126 1258 369 1320 gationis
401 1259 746 1321 gubernatio,
782 1260 861 1310 sic
889 1259 1115 1310 vivendi
1146 1274 1238 1311 ars
1270 1265 1355 1311 est
1386 1260 1695 1323 prudentia,
1726 1274 1820 1311 ne-

10 1381 11 1393 }
61 1350 104 1384 15
127 1346 281 1383 cesse
319 1338 404 1384 est
443 1346 565 1384 eam
605 1347 826 1397 quoque
865 1334 935 1384 ab
975 1333 1164 1398 aliqua
1200 1348 1258 1386 re
1297 1348 1421 1386 esse
1461 1335 1817 1386 constitutam

125 1411 180 1457 et
217 1406 540 1470 profectam.
591 1409 836 1459 constitit
871 1414 1056 1460 autern
1093 1408 1209 1460 fere
1247 1410 1388 1460 inter
1423 1422 1616 1460 omnes
1653 1409 1726 1468 id,
1764 1411 1818 1460 in
1856 1418 1908 1459 17

128 1495 238 1544 quo
263 1481 559 1544 prudentia
582 1488 898 1534 versaretur
920 1488 974 1534 et
999 1483 1148 1546 quod
1173 1484 1397 1547 assequi
1420 1483 1603 1543 vellet,
1626 1490 1818 1548 aptum

127 1563 181 1609 et
225 1559 707 1611 accommodatum
734 1566 984 1611 -naturae
1026 1574 1150 1612 esse
1193 1567 1449 1626 oportere
1493 1567 1548 1613 et
1591 1561 1715 1621 tale,
1760 1568 1820 1613 ut

127 1633 311 1695 ipsum
356 1647 454 1696 per
497 1647 557 1684 se
598 1635 856 1686 invitaret
897 1640 951 1686 et
994 1634 1238 1687 alliceret
1279 1637 1589 1699 appetitum
1632 1638 1817 1695 animi,

59 1722 105 1760 20
128 1720 290 1770 quem
332 1706 510 1774 ὁρμὴν
543 1707 737 1759 Graeci
773 1715 991 1761 vocant.
1038 1710 1172 1773 quid
1210 1715 1395 1762 autem
1433 1712 1517 1770 sit,
1555 1711 1706 1774 quod
1742 1710 1820 1763 ita

126 1787 351 1833 moveat
383 1783 570 1846 itaque
604 1797 638 1833 a
669 1789 869 1834 natura
901 1784 955 1834 in
991 1785 1170 1847 primo
1204 1790 1327 1836 ortu
1361 1791 1671 1849 appetatur,
1707 1800 1818 1837 non

127 1862 359 1915 constat,
389 1857 568 1920 deque
598 1871 664 1908 eo
693 1864 778 1909 est
805 1859 946 1910 inter
976 1858 1359 1923 philosophos,
1388 1873 1511 1911 cum
1542 1874 1819 1911 summum

127 1930 334 1981 bonum
367 1932 687 1995 exquiritur,
721 1933 902 1983 omnis
936 1933 1228 1984 dissensio,
1270 1935 1442 1985 totius
1475 1936 1621 1986 enim
1653 1949 1820 1998 quae-

130 2005 325 2056 stionis
358 2006 493 2064 eius,
529 2020 670 2069 quae
702 2006 936 2058 habetur
969 2007 1038 2058 de
1071 2007 1280 2058 finibus
1313 2009 1586 2060 bonorum
1618 2015 1673 2061 et
1704 2023 1820 2061 ma-

60 2095 105 2131 25
129 2078 323 2138 lorum,
371 2093 494 2130 cum
543 2082 838 2143 quaeritur,
884 2082 953 2131 in⁴
983 2081 1069 2133 his
1119 2083 1250 2145 quid
1297 2084 1368 2135 sit
1413 2089 1719 2135 extremum
1765 2091 1819 2136 et

127 2152 397 2212 ultimum,
433 2153 563 2204 fons
599 2155 959 2217 reperiendus
996 2162 1094 2214 est,
1133 2157 1187 2206 in
1224 2171 1334 2220 quo
1371 2158 1481 2209 sint
1522 2159 1700 2221 prima
1740 2160 1819 2210 in-

127 2227 431 2282 vitamenta
475 2234 731 2287 naturae;
778 2243 887 2292 quo
933 2231 1158 2282 invento
1203 2233 1384 2283 omnis
1430 2233 1500 2283 ab
1545 2247 1611 2284 eo
1658 2235 1815 2298 quasi

128 2301 307 2364 capite
340 2301 409 2352 de
443 2317 661 2354 summo
693 2303 841 2355 bono
873 2309 928 2355 et
959 2304 1108 2356 malo
1142 2305 1447 2369 disputatio
1481 2307 1715 2359 ducitur.

197 2375 517 2439 Voluptatis
546 2376 639 2428 alii
670 2379 908 2440 primum
937 2380 1246 2442 appetitum
1275 2386 1472 2443 putant
1501 2387 1554 2433 et
1583 2383 1816 2445 primam
1854 2380 1884 2428 7

60 2449 516 2513 aodepulsionem
557 2451 783 2502 doloris,
834 2454 1168 2505 vacuitatem
1209 2454 1420 2507 doloris
1457 2456 1552 2507 alii
1594 2464 1820 2510 censent

130 2524 367 2586 primum
408 2526 638 2576 ascitam
680 2531 733 2577 et
773 2527 1011 2589 primum
1051 2528 1387 2580 declinatum
1430 2530 1697 2582 dolorem.
1747 2533 1818 2583 ab
1856 2539 1909 2580 18

129 2598 195 2647 iis
225 2597 333 2656 alii,
365 2613 507 2662 quae
536 2601 714 2662 prima
742 2601 1046 2652 secundum
1077 2608 1331 2654 naturam
1361 2606 1664 2665 nominant,
1694 2621 1819 2670 pro-

127 2670 465 2731 ficiscuntur,
496 2674 551 2723 in
584 2674 783 2737 quibus
812 2682 1104 2728 numerant
1128 2678 1568 2731 ¹incolumitatem
1601 2694 1818 2733 conser-

203 2815 222 2855 1
259 2817 479 2866 quodque
511 2816 594 2857 BE
627 2818 739 2867 quid
762 2818 801 2859 R
834 2819 1039 2869 quidque
1075 2820 1116 2861 N
1149 2822 1350 2872 quicque
1380 2821 1423 2863 V
1515 2823 1542 2863 4
1575 2825 1821 2866 carneadia

124 2873 256 2915 BEN
265 2874 307 2916 V
474 2876 532 2917 20
565 2869 729 2928 ὁρμήν]
764 2878 892 2918 bom-1
923 2878 961 2920 R
1120 2881 1177 2921 25
1211 2884 1256 2922 et
1287 2883 1399 2932 quid
1437 2883 1645 2924 ultimum
1678 2883 1761 2925 BE

124 2932 178 2974 31
214 2935 402 2975 ascitam
431 2938 532 2977 cod.
561 2935 774 2987 Gloyav„
798 2937 950 2987 Mdv.;
988 2939 1180 2980 ascitum
1213 2940 1302 2982 RV
1334 2938 1566 2994 aslscitum
1599 2943 1641 2984 N
1673 2955 1819 2987 asser-

124 2995 217 3032 tum
251 2993 332 3033 BE
453 2995 508 3036 32
542 2997 597 3036 lis
626 2990 819 3047 Lamb.¹,
851 2998 1002 3048 Mdv.;
1035 2999 1105 3040 his

1467 3077 1552 3118 11*
