2046 3138
100 810 155 853 37

102 1927 158 1967 38

193 149 296 201 136
436 165 438 169 ·
603 141 689 190 DE
722 140 975 189 FINIBUS
1008 140 1270 207 BON.‚ET
1302 140 1454 187 MAL.
1558 145 1726 187 Lib.1v
1742 145 1965 188 c.14-15

188 280 289 339 lus,
315 281 687 343 cognitionem
707 280 1171 343 amplexarentur,
1199 281 1472 334 actionem
1493 280 1877 344 relinquerent.

187 369 378 406 eorum
422 355 567 408 enim
613 356 861 407 omnium
909 355 1086 406 multa
1129 355 1697 418 praetermittentium,
1746 355 1877 405 dum

187 430 396 493 eligant
423 430 649 493 aliquid,
680 431 830 493 quod
866 437 1181 494 sequantur,
1211 431 1369 494 quasi
1403 436 1556 483 curta
1584 432 1879 488 sententia;

189 511 246 556 at
281 519 414 556 vero
454 505 549 556 illa
587 506 832 569 perfecta
870 512 1035 569 atque
1061 507 1239 569 plena
1276 520 1483 565 eorum,
1517 507 1609 569 qui
1649 520 1771 557 cum
1807 506 1875 557 de

186 580 427 633 hominis
460 595 677 633 summo
710 582 857 632 bono
897 587 1235 644 quaererent,
1267 581 1478 631 nullam
1514 582 1568 631 in
1599 595 1666 632 eo
1702 595 1879 643 neque
1923 593 1946 627 5

188 655 356 706 animi
395 669 574 718 neque
615 657 862 718 corporis
908 661 1120 719 partem
1159 669 1394 707 vacuam
1437 655 1610 708 tutela
1648 655 1880 718 relique-

188 734 329 780 runt.
1593 729 1596 731 ’

259 803 375 854 Vos
418 810 620 863 autem,
666 803 817 863 Cat0,
869 805 999 867 quia
1040 805 1232 863 virtus,
1281 810 1341 857 ut
1384 818 1576 855 omnes
1625 804 1879 862 fatemur,

188 877 519 930 altissimum
560 878 742 930 locum
784 880 839 932 in
884 879 1108 931 homine
1146 884 1200 931 et
1243 879 1482 931 maxime
1522 878 1880 930 excellentem

189 957 350 1009 tenet,
393 958 447 1004 et
490 953 640 1015 quod
688 967 800 1012 eos,
845 954 937 1016 qui
985 955 1264 1017 sapientes
1307 959 1450 1013 sunt,
1496 953 1785 1004 absolutos
1826 958 1880 1004 et
1905 964 1948 1000 10

189 1026 466 1088 perfectos
510 1033 787 1090 putamus,
832 1029 1006 1079 aciem
1056 1029 1367 1080 animorum
1410 1033 1726 1080 nostrorum
1772 1028 1882 1078 vir-

187 1101 319 1153 tutis
350 1101 647 1163 splendore
676 1103 1097 1166 praestringitis.
1160 1103 1215 1154 in
1244 1103 1394 1153 omni
1421 1103 1567 1154 enim
1597 1103 1876 1154 animante

189 1180 273 1227 est
311 1190 588 1226 summum
628 1176 839 1239 aliquid
884 1183 1050 1239 atque
1089 1178 1376 1239 optimum,
1418 1182 1479 1228 ut
1515 1178 1571 1227 in
1613 1177 1786 1239 equis,
1823 1177 1879 1226 in

190 1250 432 1308 canibus,
475 1251 675 1313 quibus
716 1256 901 1303 tamen
948 1257 1002 1303 et
1043 1251 1234 1304 dolore
1277 1265 1476 1303 vacare
1517 1265 1660 1314 opus
1705 1256 1790 1302 est
1827 1256 1881 1302 et

188 1323 398 1381 valere;
447 1325 527 1376 sic
562 1325 731 1388 igitur
772 1326 828 1376 in
865 1325 1088 1377 homine
1130 1325 1396 1388 perfectio
1433 1326 1541 1376 ista
1582 1326 1637 1375 in
1673 1339 1740 1376 eo
1781 1339 1880 1388 po-
1904 1338 1948 1374 15

189 1398 480 1457 tissimum,
523 1399 673 1462 quod
716 1405 800 1452 est
847 1401 1134 1462 optimum,
1177 1399 1234 1450 id
1280 1405 1364 1452 est
1405 1400 1460 1450 in
1504 1400 1723 1458 virtute,
1764 1399 1880 1449 lau-

191 1472 367 1524 datur.
420 1473 607 1536 itaque
660 1474 794 1525 mihi
853 1489 964 1524 non
1020 1475 1154 1526 satis
1210 1474 1476 1526 videmini
1530 1474 1880 1525 considerare

191 1546 340 1609 quod
377 1547 479 1598 iter
517 1548 587 1599 sit
628 1554 858 1599 naturae
891 1562 1146 1611 ,quaeque
1187 1549 1521 1611 progressio.
1566 1562 1679 1599 non
1719 1548 1880 1606 enim,

191 1620 337 1682 quod
374 1620 507 1672 facit
540 1622 596 1672 in
635 1621 906 1685 frugibus,
940 1628 1015 1681 ut,
1053 1636 1175 1674 cum
1209 1622 1281 1673 ad
1321 1623 1530 1685 spicam
1563 1622 1882 1685 perduxerit

189 1694 259 1746 ab
311 1695 496 1754 herba,
551 1695 826 1759 relinquat
885 1702 939 1748 et
992 1710 1092 1760 pro
1150 1696 1323 1747 nihilo
1376 1696 1579 1748 habeat
1636 1696 1878 1755 herbam,
1903 1710 1949 1746 20

189 1768 337 1820 idem
374 1769 508 1822 facit
545 1771 601 1821 in
643 1771 882 1829 homine,
921 1785 1043 1822 cum
1085 1785 1212 1822 eum
1248 1770 1320 1821 ad
1362 1771 1593 1823 rationis
1629 1770 1879 1821 habitum

190 1843 463 1905 perduxit.
515 1858 733 1907 semper
783 1846 929 1895 enim
985 1845 1062 1896 ita
1111 1845 1356 1897 adsumit
1409 1844 1636 1907 aliquid,
1685 1850 1746 1896 ut
1799 1858 1879 1903 ea,

191 1931 332 1980 quae
385 1919 564 1980 prima
618 1918 846 1977 dederit,
906 1933 1017 1970 non
1073 1918 1306 1970 deserat.
1374 1919 1560 1981 itaque
1625 1918 1880 1970 sensibus

190 1991 459 2042 rationem
496 1992 750 2043 adiunxit
786 1998 840 2044 et
880 1993 1093 2045 ratione
1129 1992 1335 2044 effecta
1374 2007 1571 2044 sensus
1606 2007 1717 2044 non
1758 1992 1881 2044 reli-

191 2066 323 2128 quit.
375 2065 447 2117 Ut
489 2067 535 2117 si
582 2067 797 2118 cultura
835 2067 1047 2126 vitium,
1093 2068 1248 2118 cuius
1287 2067 1394 2118 hoc
1435 2082 1638 2118 munus
1676 2072 1775 2126 est,
1818 2072 1879 2118 ut
1903 2083 1948 2118 25

190 2139 416 2199 efficiat,
465 2145 527 2192 ut
574 2141 704 2192 vitis
760 2155 883 2192 cum
933 2142 1184 2204 partibus
1239 2142 1354 2193 suis
1403 2141 1660 2193 omnibus
1715 2155 1879 2204 quam

190 2214 398 2276 optime
424 2228 482 2265 se
505 2215 707 2266 habeat
737 2244 814 2274 —-,
838 2215 936 2267 sed
967 2216 1046 2266 sic
1067 2215 1455 2279 intellegamus
1484 2243 1548 2250 —
1571 2215 1697 2267 licet
1719 2216 1880 2274 enim,

189 2293 251 2338 ut
270 2302 373 2339 vos
394 2302 614 2351 quoque
641 2289 849 2348 soletis,
869 2289 1083 2352 fingere
1109 2289 1319 2352 aliquid
1342 2289 1578 2341 docendi
1605 2304 1773 2340 causa
1793 2305 1880 2339 -—:

193 2362 237 2412 si
274 2362 442 2425 igitur
478 2362 574 2413 illa
615 2363 829 2414 cultura
863 2364 1060 2414 vitium
1099 2365 1155 2414 in
1189 2365 1302 2415 vite
1342 2364 1473 2415 insit
1506 2364 1644 2427 ipsa,
1685 2369 1879 2422 cetera,

192 2435 371 2494 credo,
400 2436 548 2495 velit,
581 2451 722 2500 quae
756 2437 829 2488 ad
860 2437 1149 2489 colendam
1182 2438 1352 2489 vitem
1381 2438 1706 2496 attinebunt,
1741 2438 1882 2489 sicut
1901 2455 1948 2490 3ο

192 2515 368 2568 antea,
403 2523 462 2563 se
494 2516 679 2562 autem
719 2511 976 2563 omnibus
1007 2512 1137 2563 vitis
1175 2512 1424 2574 partibus
1458 2511 1735 2575 praeferat
1773 2517 1881 2564 sta-

191 2589 420 2647 tuatque
459 2584 595 2634 nihil
638 2598 761 2636 esse
807 2584 1006 2636 melius
1048 2586 1103 2635 in
1147 2587 1259 2636 vite
1302 2600 1466 2648 quam
1514 2600 1588 2637 se.
1629 2586 1879 2637 similiter

193 2672 404 2716 sensus,
433 2672 555 2709 cum
584 2659 816 2710 accessit
848 2659 919 2710 ad
946 2665 1216 2717 naturam,
1248 2665 1431 2710 tuetur
1457 2659 1608 2710 illam
1642 2659 1880 2722 quidem,

270 2800 323 2840 18
355 2802 439 2842 iter
470 2802 528 2842 sit
559 2802 601 2842 N
633 2803 749 2844 inter
780 2803 838 2843 sit
868 2801 910 2842 V
942 2803 1116 2843 intersit
1146 2803 1229 2844 BE
1262 2803 1430 2844 interfit
1459 2802 1498 2844 R
1629 2813 1725 2842 non
1757 2802 1879 2843 enim

194 2860 321 2907 quod
351 2860 489 2901 RNV
522 2862 648 2910 quod
681 2858 788 2911 (om.
823 2872 918 2901 non
944 2859 1087 2912 enim)
1119 2861 1202 2902 BE
1300 2862 1357 2902 22
1391 2861 1600 2912 perduxit
1622 2861 1745 2902 Mdv.
1779 2871 1880 2910 per-

195 2918 372 2960 duxerit
508 2920 565 2962 23
598 2918 710 2970 non]
744 2932 804 2962 ne
836 2921 873 2962 R
1010 2921 1068 2961 24
1100 2921 1314 2970 relinquit
1343 2920 1436 2962 NV
1575 2919 1634 2961 26
1666 2921 1882 2962 omnibus

196 2978 399 3026 partibus
431 2979 527 3020 suis
558 2979 640 3020 BE
763 2980 818 3021 32
853 2980 1015 3021 melius
1048 2991 1152 3022 esse
1183 2979 1266 3022 BE
