2046 3138
130 894 187 936 42

136 1941 194 1981 43

223 135 294 212 52
649 152 735 197 DE
767 150 1021 197 FlNlssus
1054 149 1204 197 ΒοΝ.
1238 150 1316 195 ET
1348 150 1500 196 MAL.
1614 154 2000 196 mancas-14

220 295 322 346 dus
358 294 740 358 HieronymuS,
774 294 860 343 cui
894 298 1180 342 summum¹
1204 292 1413 342 bonum
1448 296 1529 342 est
1561 291 1722 350 idern,
1762 291 1913 354 quod

217 383 320 420 vos
355 368 627 419 interdum
652 367 741 418 vel
769 367 951 429 potius
985 367 1214 416 nimium
1241 379 1409 428 saepe
1437 365 1626 424 dicitis,
1660 365 1793 415 nihil
1819 366 1915 417 do-

219 444 343 495 lere.
420 457 532 494 non
576 444 736 501 enim,
782 442 828 492 si
867 441 1073 491 malum
1116 446 1198 492 est
1230 440 1400 499 dolor,
1447 454 1627 491 carere
1667 454 1734 491 eo
1768 440 1914 491 malo

222 519 353 568 satis
387 522 470 568 est
494 517 565 568 ad
598 517 741 568 bene
765 515 1081 567 vivendum.
1127 515 1234 566 hoc
1259 515 1450 565 dixerit
1482 516 1664 577 potius
1690 514 1914 565 Ennius:

222 588 481 642 ‘Nimium
514 592 646 643 boni
680 595 775 650 est,
817 592 903 641 cui
943 590 1077 640 nihil
1112 596 1192 640 est
1225 584 1390 640 mali’.
1446 603 1548 640 nos
1582 589 1800 639 beatam
1837 590 1914 638 vi-
1938 599 1961 633 5

219 673 330 718 tam
371 681 482 718 non
517 666 844 729 depulsione
878 665 1028 723 mali,
1074 664 1172 715 sed
1213 664 1509 727 adeptione
1550 664 1682 716 boni
1715 664 1916 714 iudice-

219 757 358 801 muS‚
386 755 488 792 nec
514 755 636 792 eam
663 740 948 798 cessando,
982 741 1099 790 sive
1125 739 1475 803 gaudentem,
1509 743 1567 788 ut
1590 737 1915 801 AristippuS,

220 818 337 867 sive
369 830 481 867 non
515 815 809 874 dolentem,
842 819 902 864 ut
925 814 1027 873 hio,
1061 814 1157 864 sed
1186 813 1405 877 agendo
1432 813 1638 876 aliquid
1666 813 1915 864 conside-

220 891 464 942 randove
497 904 840 953 quaeramus,
896 903 1039 952 quae
1072 894 1304 951 possunt
1338 887 1533 939 eadem
1568 893 1754 938 contra
1794 886 1916 938 Car-

221 966 496 1017 neadeum
530 965 663 1015 illud
697 978 974 1015 summum
1007 964 1216 1014 bonum
1243 963 1364 1021 dici,
1398 962 1548 1026 quod
1575 963 1619 1012 is
1645 976 1756 1013 non
1790 968 1985 1020 tam,10

221 1046 280 1091 ut
305 1040 570 1103 probaret,
598 1039 832 1102 protulit,
859 1052 1025 1102 quam
1044 1043 1103 1088 ut
1120 1037 1331 1096 StoiciS,
1358 1038 1686 1101 quibuscum
1711 1036 1916 1087 bellum

221 1115 459 1179 gerebat,
486 1119 804 1177 opponeret.
853 1113 907 1163 id
934 1118 1117 1163 autem
1145 1114 1261 1163 eius
1287 1111 1439 1163 modi
1466 1117 1561 1170 est,
1587 1116 1645 1162 ut
1670 1111 1916 1161 additum

222 1190 292 1240 ad
323 1191 577 1240 virtutem
612 1189 988 1239 auctoritatem
1020 1187 1271 1238 videatur
1303 1187 1614 1237 habiturum
1650 1191 1702 1236 et
1736 1186 1918 1248 exple-

221 1270 400 1315 turum
446 1263 720 1314 cumulate
763 1264 932 1312 vitam
981 1263 1216 1321 beatam,
1272 1261 1341 1312 de
1390 1275 1500 1324 quo
1551 1262 1730 1311 omnis
1782 1261 1920 1310 haec

223 1339 474 1402 quaestio
510 1343 605 1389 est.
668 1351 797 1388 nam
831 1338 924 1400 qui
966 1337 1036 1386 ad
1068 1338 1322 1387 virtutem
1365 1335 1672 1398 adiungunt
1701 1335 1790 1385 vel
1822 1349 1919 1386 vo·
1943 1344 1987 1378 15

222 1413 504 1476 luptatem‚
539 1426 705 1475 quam
740 1426 907 1461 unam
939 1412 1109 1461 virtus
1143 1412 1353 1462 minimi
1386 1410 1525 1469 facit,
1560 1410 1649 1460 vel
1681 1411 1920 1460 vacuita-

222 1493 332 1538 tem
368 1487 588 1546 doloriS,
629 1500 773 1550 quae
819 1487 1032 1537 etiamsi
1066 1486 1212 1536 malo
1256 1490 1415 1544 caret,
1457 1490 1642 1535 tamen
1686 1498 1798 1535 non
1840 1490 1922 1535 est

223 1576 501 1612 summum
535 1562 760 1620 bonum,
794 1562 1112 1612 accessione
1146 1565 1367 1610 utuntur
1398 1573 1511 1610 non
1538 1560 1612 1609 ita
1637 1558 1921 1622 probabili,

223 1651 326 1688 nec
357 1642 557 1696 tamen,
603 1651 695 1686 cur
739 1635 793 1686 id
833 1641 944 1686 tarn
980 1649 1140 1698 parce
1173 1640 1397 1698 tamque
1436 1635 1675 1685 restricte
1707 1633 1921 1692 faciant,

223 1711 499 1775 intellego.
556 1712 713 1774 quasi
760 1711 905 1760 enim
947 1710 1243 1760 emendum
1286 1711 1366 1760 eis
1405 1710 1487 1767 sit,
1532 1708 1682 1771 quod
1717 1708 1990 1758 addantzo

224 1787 294 1836 ad
326 1787 596 1844 virtutem,
637 1787 870 1848 primum
911 1784 1207 1834 vilissimas
1248 1798 1332 1834 res
1374 1783 1598 1841 addunt,
1643 1783 1771 1832 dein
1815 1783 1922 1832 sin-

224 1860 383 1924 gulas
417 1861 616 1923 potiuS,
662 1874 828 1922 quam
863 1860 1063 1918 omnia,
1105 1872 1248 1922 quae
1289 1859 1463 1920 prima
1502 1862 1695 1907 natura
1727 1870 1921 1919 appro-

226 1935 483 1994 bavisset,
529 1948 595 1985 ea
627 1948 751 1984 cum
784 1934 1073 1985 honestate
1107 1934 1515 1996 coniungerent.
1572 1929 1729 1986 Quae
1770 1931 1919 1994 quod

224 2009 464 2060 Aristoni
510 2013 562 2059 et
593 2009 854 2072 Pyrrhoni
895 2009 1121 2059 omnino
1160 2008 1282 2057 visa
1321 2011 1448 2057 sunt
1491 2020 1587 2068 pro
1632 2006 1820 2064 nihilo,
1863 2011 1922 2055 ut
2044 2063 2046 2066 Α

226 2085 363 2134 inter
395 2084 602 2146 optime
633 2083 818 2134 valere
853 2087 905 2133 et
937 2083 1260 2146 gravissime
1294 2086 1576 2144 aegrotare
1609 2080 1743 2130 nihil
1777 2094 1922 2143 pror·
1944 2087 1990 2122 25

227 2173 320 2209 sus
355 2158 597 2209 dicerent
628 2158 906 2216 interesse,
938 2162 1082 2208 recte
1115 2157 1223 2206 iam
1258 2156 1468 2218 pridem
1495 2160 1683 2206 contra
1708 2168 1804 2206 eos
1830 2155 1922 2205 de-

228 2234 391 2284 situm
426 2237 509 2283 est
541 2233 819 2295 disputari.
884 2232 1015 2282 dum
1051 2232 1196 2282 enim
1238 2232 1292 2280 in
1326 2244 1437 2280 una
1467 2230 1664 2280 virtute
1697 2230 1775 2280 sic
1808 2243 1922 2280 om-

227 2308 320 2357 nia
345 2321 468 2359 esse
483 2306 790 2365 voluerunt,
824 2311 882 2356 ut
908 2320 1030 2356 eam
1055 2319 1233 2356 rerum
1259 2305 1558 2355 selectione
1584 2303 1922 2367 expoliarent

229 2395 331 2432 nec
364 2382 413 2432 ei
447 2382 758 2444 quicquam,
792 2386 886 2431 aut
918 2380 1065 2430 unde
1099 2380 1337 2438 oriretur,
1371 2379 1574 2436 darent,
1608 2382 1701 2428 aut
1725 2377 1820 2428 ubi
1844 2379 1923 2427 ni-

229 2460 440 2514 teretur,
470 2456 724 2506 virtutem
758 2456 950 2517 ipsam,
984 2469 1150 2517 quam
1184 2453 1651 2516 amplexabantur,
1691 2452 1922 2502 sustule-
1945 2459 1990 2494 3⁰

304 2631 330 2671 2
364 2632 600 2671 minimum
626 2642 740 2681 sepe
763 2631 805 2672 V
835 2642 950 2682 sepe
975 2632 1211 2671 minimum
1236 2629 1318 2671 BE
1434 2629 1458 2669 7
1490 2629 1740 2679 gaudendo
1772 2627 1863 2669 NV

230 2689 256 2730 8
282 2691 485 2732 dolendo
502 2690 544 2732 V
628 2690 680 2731 21
710 2691 880 2732 deinde
903 2690 1087 2732 BENV
1170 2690 1228 2731 23
1253 2689 1380 2740 quod
1400 2689 1522 2730 Mdv.
1549 2699 1651 2729 cum
1735 2687 1792 2727 24
1816 2690 1923 2728 sunt

231 2750 331 2790 visa
360 2749 443 2790 BE
563 2749 622 2790 26
653 2750 849 2792 desitum
883 2753 953 2791 est
984 2753 1143 2791 contra
1174 2760 1258 2790 eos
1288 2748 1370 2788 BE
1491 2747 1548 2788 28
1580 2758 1632 2788 se
1659 2747 1860 2787 lectione
1883 2746 1921 2787 R

231 2809 461 2851 electione
492 2809 573 2850 BE
606 2809 867 2851 delectione
897 2809 940 2850 V
1082 2809 1369 2858 expoliarent
1399 2807 1440 2848 N
1472 2803 1575 2856 (sed
1605 2807 1826 2847 hamulus
1858 2807 1923 2847 ad

233 2869 323 2909 litt.
350 2879 369 2908 r
395 2870 639 2919 pertinens
670 2871 718 2910 et
748 2871 827 2910 ent
859 2870 907 2909 in
940 2865 1071 2918 ras),
1095 2867 1158 2915 V;
1191 2867 1540 2917 expoliaverunt
1570 2864 1659 2907 AR
1691 2865 1920 2916 spoliave-

234 2930 334 2967 runt
357 2927 439 2968 BE
544 2927 602 2969 29
634 2928 823 2970 oriretur
845 2928 1005 2969 darent
1028 2921 1191 2969 ARN'
1222 2938 1301 2968 ore
1325 2925 1585 2967 retunderet
1608 2924 1690 2965 BE
1723 2925 1923 2966 orientur

234 2986 394 3027 darent
424 2987 465 3026 N
474 2980 489 3006 ¹
520 2987 742 3029 orirentur
772 2987 932 3028 darent
963 2986 1004 3027 V
