2046 3138
15 184 44 236 ἓ
70 186 245 227 43-47
403 190 405 193 “
525 182 610 228 DE
643 180 897 229 FINIBUS
930 180 1080 228 BON.
1114 182 1192 228 ET
1224 181 1377 228 MAL.
1701 190 1803 240 179

110 319 242 370 dum
278 320 526 383 corporis
561 334 740 384 neque
773 334 896 371 eam
931 322 1382 373 constitutionem
1419 320 1619 372 summi
1654 320 1801 379 boni,

110 407 252 458 quae
285 399 370 446 est
404 395 707 458 proposita,
741 396 1053 447 mutaverit.

181 467 246 520 Et
284 468 468 520 adhuc
507 468 730 532 quidem
771 470 848 520 ita
884 469 1046 521 nobis
1088 484 1386 534 progressa
1424 470 1564 521 ratio
1604 475 1703 528 est,
1742 475 1803 521 ut
1828 443 1893 554 ¹4}

109 557 175 594 ea
211 543 503 595 duceretur
539 544 721 595 omnis
757 556 790 594 a
825 545 1003 606 prima
1040 545 1522 596 commendatione
1557 550 1802 596 naturae.

63 635 86 668 5
110 631 256 669 nunc
284 623 469 669 autem
501 617 655 675 aliud
685 619 795 668 iam
824 619 1252 681 argumentandi
1285 633 1584 682 sequamur
1611 631 1804 682 genuS,

111 698 171 744 ut
205 705 317 743 non
356 692 537 744 solum
574 693 704 756 quia
739 706 842 743 nos
881 692 1196 756 diligamuS,
1234 694 1332 745 sed
1372 695 1500 757 quia
1538 695 1804 756 cuiusque

111 767 284 829 partis
316 772 548 819 naturae
582 772 636 819 et
668 767 724 817 in
757 781 988 830 corpore
1022 773 1076 819 et
1108 768 1164 818 in
1197 768 1384 819 animo
1420 782 1522 819 sua
1551 781 1803 831 quaeque

111 842 196 892 vis
247 842 333 900 sit,
383 841 588 892 idcirco
638 842 693 892 in
742 841 828 892 his
880 841 1046 893 rebus
1098 856 1312 893 summe
1361 848 1553 894 nostra
1605 848 1804 905 sponte

110 929 449 966 moveamur.
500 922 667 979 atque
718 921 779 968 ut
828 930 862 966 a
911 930 1141 979 corpore
1194 917 1394 976 ordiar,
1446 917 1678 968 videsne
1728 922 1802 975 ut,

46 1009 88 1044 10
113 991 157 1044 si
191 1004 334 1054 quae
367 991 422 1041 in
454 990 715 1042 membris
748 1004 923 1054 prava
955 997 1052 1042 aut
1084 991 1373 1043 debilitata
1404 998 1500 1042 aut
1533 993 1805 1042 inminuta

113 1065 235 1123 sint,
273 1065 550 1116 occultent
586 1065 880 1116 homines?
927 1071 987 1116 ut
1023 1066 1189 1116 etiam
1230 1059 1567 1117 contendant
1604 1071 1658 1117 et
1694 1065 1805 1117 ela-

112 1139 320 1198 borent,
362 1140 408 1191 si
449 1139 676 1190 efficere
717 1141 948 1203 possint,
989 1146 1049 1191 ut
1090 1146 1186 1191 aut
1224 1155 1336 1191 non
1377 1145 1647 1204 appareat
1688 1154 1805 1191 cor-

112 1214 264 1276 poris
303 1214 499 1265 vitium
541 1220 638 1266 aut
677 1228 858 1278 quam·
883 1215 1171 1265 minimum
1214 1216 1524 1278 appareat?
1574 1215 1806 1266 multos-

112 1302 218 1351 que
259 1290 427 1339 etiam
473 1288 696 1340 dolores
738 1290 1041 1340 curationis
1084 1303 1254 1340 causa
1297 1289 1595 1352 perferant,
1638 1294 1712 1348 ut,
1757 1290 1803 1339 si

46 1382 88 1416 15
112 1363 232 1425 ipse
271 1377 408 1421 usus
449 1363 824 1415 membrorum
863 1377 975 1414 non
1015 1363 1186 1415 modo
1227 1377 1340 1416 non
1380 1364 1571 1423 maior,
1611 1377 1805 1414 verum

111 1438 278 1488 etiam
312 1438 493 1489 minor
528 1437 751 1489 futurus
786 1439 870 1496 sit,
905 1451 1096 1489 eorum
1133 1444 1320 1489 tamen
1354 1439 1568 1501 species
1603 1438 1674 1488 ad
1709 1452 1807 1488 na-

116 1518 295 1562 turam
327 1513 672 1563 revertatur?
704 1513 924 1570 etenim,
958 1526 1081 1563 cum
1116 1526 1308 1563 omnes
1342 1518 1541 1563 natura
1574 1518 1723 1563 totos
1750 1526 1808 1564 se

113 1586 456 1649 expetendos
492 1592 702 1650 putent,
738 1600 840 1638 nec
873 1586 931 1637 id
966 1587 1037 1638 ob
1074 1587 1241 1638 aliam
1276 1601 1407 1646 rem,
1445 1587 1544 1638 sed
1581 1593 1808 1650 propter

113 1661 284 1724 ipsos,
315 1675 543 1713 necesse
576 1667 661 1713 est
691 1662 812 1713 eius
842 1662 1011 1713 etiam
1046 1662 1221 1725 partis
1254 1667 1482 1725 propter
1514 1675 1573 1713 se
1605 1663 1806 1725 expeti,

45 1755 91 1790 20
113 1735 264 1798 quod
295 1736 617 1787 universum
651 1741 878 1799 propter
908 1750 968 1787 se
997 1741 1304 1800 expetatur.
1347 1736 1536 1792 Quid?
1566 1737 1620 1786 in
1651 1742 1806 1787 motu
1845 1753 1901 1793 47

114 1815 168 1862 et
209 1811 265 1861 in
309 1815 457 1862 statu
499 1811 748 1874 corporis
788 1810 925 1861 nihil
968 1811 1126 1869 inest,
1169 1811 1319 1874 quod
1362 1811 1808 1862 animadverten-

116 1884 246 1936 dum
282 1897 406 1937 esse
440 1886 565 1948 ipsa
595 1891 796 1936 natura
827 1885 1071 1936 iudicet?
1117 1899 1280 1948 quem
1312 1885 1384 1936 ad
1419 1885 1649 1936 modum
1685 1885 1808 1948 quis

114 1959 374 2018 ambulet,
416 1959 623 2018 sedeat,
666 1960 759 2023 qui
801 1959 1000 2011 ductus
1040 1960 1168 2018 oris,
1211 1961 1303 2023 qui
1343 1959 1533 2011 vultus
1573 1959 1629 2010 in
1672 1974 1808 2023 quo-

118 2047 224 2097 que
256 2035 367 2086 sit?
410 2034 618 2085 nihilne
650 2040 734 2085 est
765 2035 821 2084 in
854 2034 941 2085 his
974 2033 1154 2093 rebuS,
1187 2034 1339 2097 quod
1375 2034 1606 2098 dignum
1634 2034 1810 2086 libero

46 2127 92 2164 as
115 2114 211 2160 aut
267 2108 558 2172 indignum
616 2122 740 2160 esse
797 2108 1106 2159 ducamus?
1160 2122 1344 2160 nonne
1401 2109 1534 2160 odio
1601 2108 1808 2160 multos

116 2182 318 2247 dignos
349 2189 627 2246 putamus,
661 2184 753 2247 qui
785 2182 1029 2247 quodam
1059 2188 1214 2234 motu
1246 2188 1343 2235 aut
1373 2188 1520 2234 statu
1549 2183 1811 2235 videntur

115 2263 346 2309 naturae
383 2257 564 2322 legem
603 2264 658 2309 et
694 2257 925 2308 modum
963 2258 1405 2321 contempsisse?
1454 2263 1508 2309 et
1546 2257 1808 2320 quoniam

117 2332 253 2384 haec
290 2332 641 2384 deducuntur
682 2332 751 2383 de
789 2345 1034 2395 corpore,
1085 2331 1218 2395 quid
1257 2338 1343 2383 est
1380 2345 1476 2383 cur
1512 2346 1624 2383 non
1663 2339 1811 2384 recte

118 2405 472 2469 pulchritudo
503 2408 669 2458 etiam
701 2408 825 2470 ipsa
854 2412 1081 2470 propter
1109 2420 1168 2457 se
1199 2406 1511 2469 expetenda
1541 2406 1812 2458 ducatur?

49 2501 95 2537 30
117 2494 245 2531 nam
282 2482 328 2533 si
364 2483 697 2544 pravitatem
731 2482 1266 2545 inminutionemque
1301 2481 1549 2544 corporis
1587 2486 1813 2544 propter

119 2569 177 2607 se
225 2555 551 2619 fugiendam
601 2561 879 2619 putamus,
928 2569 1023 2606 cur
1068 2569 1181 2606 non
1230 2555 1412 2614 etiam,
1459 2569 1525 2606 ac
1571 2555 1811 2608 fortasse

118 2630 312 2694 magis,
359 2635 586 2695 propter
631 2644 690 2681 se
734 2630 948 2681 formae
993 2630 1320 2694 dignitatem
1368 2631 1705 2693 sequamur?
1756 2635 1812 2682 et

192 2848 220 2889 8
251 2860 430 2890 summe
455 2850 515 2890 M.
539 2850 716 2891 Brutus
748 2851 879 2901 apud
902 2849 1050 2898 Dav.,·
1081 2859 1261 2890 summa
1344 2848 1371 2889 9
1404 2851 1453 2889 ut
1484 2849 1523 2890 si
1557 2850 1671 2891 dett.
1704 2849 1743 2890 si

123 2908 175 2949 17
207 2910 360 2950 omnis
391 2909 569 2951 BERN
706 2909 765 2950 20
797 2909 910 2959 quid
940 2909 988 2949 in
1020 2908 1167 2950 RNV
1203 2909 1331 2958 quod
1362 2909 1410 2949 in
1441 2907 1523 2949 BE
1664 2909 1717 2950 21
1754 2906 1816 2958 et]

119 2968 256 3009 etiam
289 2968 375 3010 BE
512 2969 569 3010 28
603 2970 828 3011 ducuntur
858 2969 949 3010 NV
1085 2968 1139 3010 31
1175 2967 1398 3019 fugienda
1428 2967 1558 3010 BER
1679 2970 1817 3010 etiam

120 3039 174 3069 ac
206 3022 270 3069 Ν8
302 3031 391 3070 iam
424 3033 470 3070 et
502 3030 622 3071 hanc
647 3029 729 3070 BE
761 3030 898 3071 etiam
932 3025 1099 3079 (eciam
1117 3026 1178 3079 V)
1212 3029 1299 3070 hac
1323 3028 1411 3069 RV
1443 3028 1580 3069 etiam
1614 3029 1736 3070 hanc
1755 3023 1819 3070 Ν1

1464 3102 1549 3138 12*
