2046 3138
48 162 76 214 ς
104 163 279 206 25-—30
436 204 437 207 ,
564 156 650 203 DE
683 155 937 203 Fmfflus
971 155 1121 203 BON.
1155 156 1234 202 ET
1267 155 1419 204 MAL.
1770 164 1841 214 99

137 305 370 352 nestum.
425 299 499 349 ita
531 298 604 357 fit,
638 303 710 357 ut,
745 297 896 361 quod
922 297 1131 348 bonum
1158 299 1240 357 sit,
1274 298 1328 348 id
1356 299 1520 349 etiam
1546 297 1842 350 honestum

137 377 220 427 sit.
268 372 483 425 Deinde
509 387 730 437 quaero,
757 374 878 435 quis
907 378 999 423 aut
1026 373 1095 424 de
1121 374 1320 423 misera
1343 374 1457 423 vita
1482 373 1656 436 possit
1681 372 1841 437 glori·
1878 377 1935 418 28

137 451 213 500 ari
247 454 340 500 aut
373 448 442 499 de
475 462 587 500 non
621 448 798 500 beata.
855 448 924 498 de
958 447 1078 499 sola
1111 449 1272 511 igitur
1305 448 1481 500 beata.
1532 462 1597 498 ex
1624 461 1735 511 quo
1771 447 1844 498 ef-

138 525 311 575 ficitur
343 523 692 587 gloriatione,
737 528 796 573 ut
828 523 903 573 ita
944 522 1138 582 dicam,
1184 523 1409 586 dignam
1456 537 1579 574 esse
1623 522 1842 573 beatam

89 601 322 658 5vitam,
365 597 516 662 quod
557 613 670 649 non
705 599 880 660 possit
919 599 1023 648 nisi
1065 598 1333 649 honestae
1373 599 1520 648 vitae
1562 599 1678 648 iure
1719 611 1847 648 con-

139 675 363 737 tingere.
418 674 494 723 ita
525 672 598 731 fit,
631 678 691 723 ut
723 672 960 724 honesta
990 674 1104 723 vita
1137 673 1301 723 beata
1331 674 1446 723 vita
1477 674 1560 724 sit.
1615 672 1679 723 Et
1711 686 1847 735 quo-

138 750 286 799 niam
327 749 387 807 is,
429 748 514 798 cui
557 749 823 811 contingit
862 752 922 798 ut
963 749 1076 798 iure
1117 747 1382 807 laudetur,
1422 747 1589 798 habet
1629 749 1846 811 insigne

139 823 406 886 quiddam
441 822 511 873 ad
546 822 715 873 decus
750 827 803 873 et
835 823 905 873 ad
939 822 1186 886 gloriam,
1219 827 1279 873 ut
1311 823 1383 874 ob
1411 836 1491 881 ea,
1525 836 1670 886 quae
1695 827 1847 872 tanta

140 900 261 957 sint,
294 898 490 948 beatus
525 897 631 948 dici
663 899 779 948 iure
813 899 1002 960 possit,
1036 898 1182 948 idem
1217 898 1287 948 de
1311 898 1426 947 vita
1457 897 1579 947 talis
1609 898 1710 947 viri
1736 910 1848 947 rec-

74 983 117 1020 10
141 974 349 1023 tissime
394 973 615 1024 dicetur.
681 974 770 1031 ita,
815 974 860 1023 si
905 973 1068 1023 beata
1106 974 1221 1023 vita
1264 972 1554 1023 honestate
1599 973 1847 1031 cernitur,

140 1048 291 1111 quod
331 1047 626 1099 honesturn
669 1053 764 1107 est,
809 1047 865 1097 id
910 1047 1120 1099 bonum
1162 1046 1342 1099 solum
1388 1047 1707 1098 habendum
1752 1051 1848 1098 est.

141 1121 286 1178 Quid
332 1125 503 1175 vero?
572 1123 834 1186 negarine
878 1122 991 1174 ullo
1036 1123 1206 1174 modo
1253 1123 1428 1185 possit
1469 1115 1848 1185 (numquam)

141 1211 478 1261 quemquam
513 1197 694 1248 stabili
728 1202 782 1248 et
812 1197 970 1248 firmo
1006 1202 1059 1248 et
1082 1211 1288 1261 magno
1316 1198 1520 1256 animo,
1554 1211 1721 1260 quem
1746 1196 1850 1248 for-

140 1278 252 1323 tem
276 1273 454 1322 virum
482 1272 729 1331 dicimuS,
757 1272 897 1323 effici
924 1286 1106 1335 posse,
1131 1273 1236 1322 nisi
1263 1273 1618 1323 constitutum
1646 1272 1716 1322 sit
1735 1285 1849 1322 non

74 1360 118 1394 15
144 1361 267 1398 esse
306 1347 513 1397 malum
556 1347 842 1399 dolorem?
903 1352 963 1397 ut
1007 1348 1152 1398 enim
1187 1348 1281 1411 qui
1326 1351 1557 1398 mortem
1591 1347 1647 1396 in
1690 1346 1849 1396 malis

142 1423 299 1485 ponit
331 1436 444 1472 non
478 1426 660 1485 potest
693 1436 815 1472 eam
848 1436 961 1473 non
995 1423 1198 1481 timere,
1241 1423 1319 1472 sic
1359 1436 1524 1473 nemo
1559 1421 1672 1472 ulla
1704 1423 1760 1472 in
1792 1435 1850 1471 re

143 1501 326 1559 potest
358 1497 429 1555 id,
463 1497 615 1560 quod
649 1497 856 1547 malum
890 1510 1014 1547 esse
1047 1497 1361 1556 decreverit,
1402 1511 1515 1548 non
1551 1510 1739 1547 curare
1771 1496 1850 1546 id-

144 1585 252 1634 que
294 1576 662 1623 contemnere.
725 1586 836 1635 quo
881 1572 1061 1634 posito
1104 1576 1157 1622 et
1197 1572 1446 1623 omnium
1481 1571 1723 1622 adsensu
1757 1570 1852 1621 ad·-

144 1646 378 1709 probato
411 1646 547 1696 illud
580 1646 899 1706 adsumitur,
932 1660 1074 1706 eum,
1108 1647 1201 1710 qui
1234 1660 1440 1710 magno
1467 1647 1536 1697 sit
1561 1648 1746 1697 animo
1775 1651 1852 1696 at-

74 1733 119 1768 20
144 1735 252 1784 que
270 1720 407 1780 forti,
434 1721 635 1780 omnia,
662 1735 805 1785 quae
826 1721 1021 1772 cadere
1038 1722 1093 1771 in
1113 1721 1394 1773 hominem
1415 1722 1642 1785 possint,
1670 1721 1852 1784 despi-

145 1809 266 1846 cere
299 1809 365 1847 ac
397 1810 494 1859 pro
528 1795 700 1847 nihilo
735 1800 940 1859 putare.
997 1810 1141 1860 quae
1175 1810 1299 1847 cum
1332 1797 1407 1846 ita
1439 1797 1560 1856 sint,
1594 1796 1851 1847 effectum

144 1875 225 1921 est
257 1870 391 1921 nihil
426 1884 548 1921 esse
581 1870 803 1930 malum,
845 1870 996 1934 quod
1038 1876 1194 1934 turpe
1232 1885 1346 1923 non
1380 1873 1462 1922 sit.
1527 1870 1711 1934 Atque
1750 1872 1852 1921 iste

141 1946 223 1996 vir
255 1945 397 1996 altus
431 1950 485 1996 et
518 1945 807 2005 excellens,
848 1959 1052 2010 magno
1094 1946 1296 2006 animo,
1335 1960 1465 1997 vere
1506 1946 1672 2005 fortiS,
1713 1946 1851 1996 infra

144 2034 204 2070 se
245 2022 433 2071 omnia
476 2020 720 2071 humana
761 2020 985 2079 ducenS,
1029 2021 1091 2079 is,
1135 2021 1376 2084 inquam,
1421 2035 1587 2084 quem
1634 2020 1852 2071 efficere

75 2106 121 2142 25
147 2094 421 2154 volumuS,
454 2109 620 2158 quem
644 2096 976 2158 ‚quaerimus
1003 2099 1146 2146 certe
1173 2100 1225 2146 et
1251 2095 1528 2146 confidere
1554 2095 1658 2146 sibi
1685 2095 1852 2146 debet

143 2183 208 2219 ac
239 2183 374 2220 suae
405 2170 552 2220 vitae
586 2175 638 2220 et
663 2175 825 2220 vactae
860 2175 912 2220 et
945 2171 1306 2233 consequenti
1340 2175 1394 2221 et
1432 2170 1575 2221 bene
1609 2170 1678 2221 de
1727 2184 1852 2221 sese

143 2244 383 2294 iudicare
416 2249 660 2294 statuens
693 2244 827 2294 nihil
862 2259 1027 2307 posse
1052 2244 1181 2295 mali
1207 2245 1446 2296 incidere
1471 2245 1726 2308 sapienti.
1785 2259 1851 2295 ex

144 2333 255 2381 quo
296 2318 625 2382 intellegitur
664 2318 811 2370 idem
857 2319 1005 2378 illud,
1050 2319 1231 2371 solum
1264 2320 1473 2371 bonum
1508 2334 1646 2379 esse,
1698 2319 1851 2383 quod

144 2393 438 2444 honestum
472 2395 554 2452 sit,
595 2394 762 2457 idque
797 2408 920 2445 esse
953 2394 1114 2445 beate
1146 2396 1354 2446 vivere:
1396 2395 1643 2454 honeste,
1676 2394 1732 2445 id
1759 2399 1850 2446 ,est

75 2478 122 2515 30
146 2481 269 2518 cum
302 2469 514 2528 virtute,
546 2469 747 2520 vivere.
1501 2494 1505 2497 -

219 2542 337 2593 Νθο
378 2557 510 2594 vero
555 2544 749 2607 ignoro
793 2545 973 2594 varias
1015 2543 1474 2607 philosophorum
1518 2544 1686 2595 fuisse
1728 2558 1849 2595 sen-

145 2617 358 2677 tentiaS,
405 2631 594 2669 eorum
636 2617 778 2678 dico,
825 2619 917 2682 qu'i
958 2633 1236 2670 summum
1278 2619 1504 2680 bonum,
1548 2619 1699 2683 quod
1733 2619 1853 2669 ulti-

219 2765 247 2806 3
280 2766 339 2806 de
365 2777 460 2807 non
485 2766 610 2807 Mdv.
642 2777 738 2807 non
765 2767 824 2807 de
924 2778 982 2808 ex
1013 2778 1108 2817 quo
1133 2769 1237 2809 edd.
1271 2765 1479 2818 (Ascens.
1507 2765 1644 2818 1511),
1677 2779 1736 2808 ex
1760 2778 1854 2817 qua

146 2823 376 2867 ABERN
398 2826 457 2866 de
483 2825 634 2876 quav
733 2825 760 2867 8
794 2829 843 2867 ut
874 2827 936 2867 ob
961 2837 1018 2868 ea
1046 2828 1166 2877 edd„
1193 2828 1244 2869 Ρ.
1260 2828 1388 2869 Μαη.
1420 2831 1469 2868 ut
1501 2827 1561 2868 ad
1585 2838 1642 2868 ea
1666 2826 1851 2869 AERN

146 2886 192 2927 et
224 2884 283 2925 ad
314 2896 372 2926 ea
402 2884 492 2927 BV
625 2885 679 2927 10
712 2883 974 2936 honestate]
1008 2887 1206 2929 honeste
1237 2886 1327 2928 AB
1461 2886 1516 2928 12
1551 2885 1676 2933 Quid
1707 2886 1852 2928 vero?

147 2944 368 2994 negarine
398 2944 492 2985 ullo
517 2944 637 2987 Dav.
671 2946 798 2997 quod
826 2957 935 2988 vero
960 2948 1120 2998 negari
1145 2947 1272 2989 nullo
1298 2946 1490 2988 ARNV
1521 2947 1600 2998 qui
1626 2957 1736 2988 vero
1769 2957 1851 2988 ne-

146 3004 243 3053 gari
266 3004 391 3045 nullo
410 3003 492 3045 BE
621 3007 732 3047 add.
750 3006 874 3047 Μάυ.
990 3006 1046 3048 32
1069 3017 1226 3048 eorum
1321 3010 1547 3058 ponerent
1570 3006 1690 3048 Non.
1706 3019 1754 3058 p.
1773 3012 1854 3047 417

1507 3082 1556 3122 7*

1882 1134 1940 1176 29

1885 2516 1920 2566 9

1886 2587 1943 2629 30
