2046 3138
5 160 35 212 §
61 161 239 203 26—30
394 218 396 220 Ι
515 155 603 201 DE
634 152 888 200 FINIBUS
922 151 1072 199 BON.
1106 150 1185 197 ET
1217 148 1371 197 MAL.
1691 153 1795 203 169

99 296 278 347 tiones
306 307 542 359 quoque.
570 307 665 345 cur
689 293 797 344 hoc
819 292 897 344 ita
924 292 1009 350 sit,
1034 288 1357 342 afferendas
1383 291 1536 351 puto.
1572 284 1677 337 etsi
1699 284 1792 348 qui
1828 292 1884 333 28

99 375 284 434 potest
312 368 559 432 intellegi
590 373 687 419 aut
716 366 947 431 cogitari
976 379 1100 418 esse
1130 363 1359 427 aliquod
1389 360 1612 419 animal,
1641 357 1793 423 quod

100 459 159 496 se
196 444 415 496 oderit?
462 457 549 495 res
585 443 732 494 enim
769 445 1094 493 concurrent
1132 438 1455 490 contrariae.
1502 450 1631 487 nam
1669 436 1793 486 cum

99 519 381 583 appetitus
407 516 501 569 ille
529 517 699 568 animi
726 515 938 579 aliquid
964 514 1036 566 ad
1067 528 1126 565 se
1152 513 1369 565 trahere
1395 511 1639 575 coeperit
1667 523 1795 561 con·

53 607 76 642 5
100 592 263 651 sulto,
303 592 453 655 quod
496 591 600 642 sibi
640 590 801 649 obsit,
841 590 971 654 quia
1011 590 1082 640 sit
1121 587 1225 639 sibi
1265 587 1536 645 inimicus,
1577 598 1701 636 cum
1736 583 1793 634 id

101 682 204 719 sua
243 681 413 718 causa
454 666 635 724 faciet,
676 670 730 716 et
770 665 951 716 oderit
992 677 1052 715 se
1092 668 1146 714 et
1187 661 1349 714 simul
1394 660 1604 724 diliget,
1642 657 1793 723 quod

100 742 223 794 fieri
250 756 362 793 non
393 746 592 804 potest.
630 752 968 802 necesseque
995 743 1094 796 est,
1125 737 1171 788 si
1200 737 1323 800 quis
1351 735 1457 787 sibi
1485 734 1593 798 ipsi
1617 733 1796 784 inimi-

100 831 197 868 cus
232 821 331 875 est,
368 829 495 867 eum
532 828 674 879 quae
707 814 857 865 bona
893 818 1023 864 sunt
1056 811 1205 863 mala
1240 816 1451 874 putare,
1487 809 1636 860 bona
1667 821 1796 859 con·

100 897 185 943 tra
229 905 371 955 quae
414 889 577 948 mala,
621 894 675 940 et
718 902 860 952 quae
904 886 1223 951 appetenda
1266 885 1477 948 fugere,
1522 896 1664 947 quae
1708 881 1795 933 fu-

35 980 77 1015 10
100 966 306 1030 gienda
349 970 627 1029 appetere,
674 976 816 1027 quae
861 963 979 1014 sine
1024 961 1196 1012 dubio
1240 960 1390 1011 vitae
1433 964 1518 1010 est
1560 957 1795 1009 eversio,

99 1054 279 1104 neque
312 1040 474 1098 enim,
511 1039 556 1090 si
589 1052 701 1089 non
733 1037 872 1088 nulli
907 1037 1271 1099 reperiuntur,
1306 1035 1399 1098 qui
1433 1038 1529 1085 aut
1562 1032 1796 1095 laqueos

101 1120 197 1166 aut
234 1114 345 1165 alia
383 1114 555 1165 exitia
593 1117 861 1176 quaerant
899 1116 995 1162 aut
1032 1115 1094 1161 ut
1133 1109 1228 1160 ille
1271 1109 1422 1172 apud
1461 1107 1796 1164 Terentium,

99 1190 191 1253 qui
243 1185 506 1240 ‘decrevit
554 1187 826 1250 tantisper
877 1199 936 1237 se
988 1186 1173 1236 minus
1221 1183 1455 1234 iniuriae
1507 1195 1610 1232 suo
1663 1185 1797 1232 nato

102 1260 319 1322 facere’,
349 1269 410 1314 ut
441 1263 518 1315 ait
546 1263 682 1326 ipse,
713 1258 864 1312 ‘dum
896 1260 999 1312 fiat
1027 1255 1228 1318 miser',
1258 1259 1515 1309 inimicus
1545 1257 1666 1320 ipse
1693 1255 1797 1306 sibi

37 1354 79 1388 15
102 1339 386 1403 putandus
413 1344 512 1390 est.
552 1337 651 1389 sed
678 1337 772 1388 alii
800 1336 994 1388 dolore
1021 1340 1331 1393 moventur,
1357 1333 1452 1385 alii
1479 1332 1798 1397 cupiditate,

102 1413 390 1465 iracundia
441 1414 609 1465 etiam
662 1411 823 1464 multi
875 1410 1189 1463 efferuntur
1239 1414 1308 1468 et,
1364 1423 1489 1460 cum
1541 1408 1597 1458 in
1650 1406 1799 1458 mala

103 1489 338 1541 scientes
361 1489 604 1547 inruunt,
628 1492 746 1539 tum
772 1500 831 1538 se
854 1486 1063 1549 optime
1090 1484 1195 1536 sibi
1219 1482 1508 1536 consulere
1530 1482 1800 1534 arbitran-

102 1569 205 1615 tur.
261 1564 448 1626 itaque
495 1562 685 1613 dicunt
726 1575 829 1612 nec
872 1560 1153 1612 dubitant:
1199 1555 1350 1610 ‘mihi
1394 1558 1479 1609 sic
1516 1571 1653 1608 usus
1698 1561 1799 1614 est,

105 1638 202 1689 tibi
245 1643 307 1689 ut
352 1651 496 1700 opus
538 1642 625 1688 est
669 1635 834 1694 fact0,
881 1630 1006 1685 fac'.
1063 1639 1117 1685 et
1157 1634 1250 1696 qui
1295 1632 1404 1696 ipsi
1445 1631 1549 1683 sibi
1590 1630 1798 1682 bellum

35 1727 81 1763 20
103 1712 449 1771 indixissent,
487 1711 718 1763 cruciari
759 1710 893 1769 dies,
931 1714 1123 1761 noctes
1159 1707 1403 1771 torqueri
1442 1706 1663 1765 vellent,
1699 1719 1803 1757 nec

102 1801 236 1839 vero
282 1800 405 1838 sese
450 1787 557 1850 ipsi
601 1790 927 1837 accusarent
969 1783 1042 1835 ob
1087 1797 1210 1835 eam
1255 1796 1498 1840 causam,
1543 1780 1694 1845 quod
1740 1793 1799 1832 se

103 1861 248 1913 male
281 1862 397 1913 suis
430 1861 597 1912 rebus
629 1859 978 1911 consuluisse
1010 1858 1269 1910 dicerent.
1313 1870 1506 1909 eorum
1537 1855 1684 1907 enim
1715 1859 1801 1907 est

102 1936 238 1988 haec
260 1935 500 1999 querela,
524 1935 616 1998 qui
639 1934 743 1986 sibi
766 1934 876 1985 cari
899 1938 1028 1984 sunt
1050 1945 1283 1995 seseque
1310 1930 1566 1995 diligunt.
1615 1943 1800 1994 quare,

105 2011 601 2075 quotienscumque
639 2009 852 2060 dicetur
889 2006 1034 2059 male
1071 2008 1195 2070 quis
1233 2006 1301 2058 de
1341 2019 1399 2058 se
1436 2005 1632 2057 mereri
1672 2004 1801 2056 sibi-

37 2101 81 2135 25
105 2099 211 2149 que
243 2098 367 2137 esse
400 2085 656 2135 inimicus
688 2089 854 2146 atque
885 2082 1078 2140 hostiS,
1111 2082 1285 2133 vitam
1317 2080 1557 2143 denique
1589 2079 1800 2143 fugere,

104 2159 459 2223 intellegatur
490 2158 734 2222 aliquam
769 2157 1000 2208 subesse
1030 2156 1151 2208 eius
1180 2155 1334 2207 modi
1369 2169 1610 2213 causam,
1642 2159 1702 2205 ut
1731 2168 1801 2205 ex

104 2248 171 2286 eo
202 2235 326 2297 ipso
358 2232 605 2296 intellegi
636 2232 815 2296 possit
845 2231 949 2282 sibi
982 2243 1257 2294 quemque
1285 2243 1410 2281 esse
1440 2243 1644 2280 carum.
1686 2227 1802 2280 Nec

103 2322 238 2360 vero
267 2308 322 2359 id
356 2308 491 2360 satis
520 2312 619 2365 est,
646 2307 923 2358 neminem
953 2318 1092 2365 esse,
1121 2305 1215 2368 qui
1243 2305 1364 2368 ipse
1394 2317 1454 2356 se
1477 2303 1672 2362 oderit,
1700 2303 1799 2355 sed

104 2382 238 2434 illud
290 2395 512 2446 quoque
557 2380 993 2444 intellegendum
1037 2385 1137 2439 est,
1181 2379 1458 2431 neminem
1505 2392 1643 2437 esse,
1689 2378 1799 2441 qui,

181 2526 199 2566 l
238 2527 315 2576 qui
349 2527 453 2567 edd.
488 2525 599 2575 quid
732 2524 758 2565 3
793 2526 1030 2566 occurrent
1060 2523 1098 2565 R
1236 2523 1262 2565 7
1296 2534 1585 2573 necesseque
1617 2525 1687 2564 est
1719 2521 1802 2563 BE

103 2596 297 2627 necesse
328 2585 401 2636 effi
438 2580 514 2634 (=
541 2581 724 2635 estque)
764 2584 803 2625 R
849 2594 1044 2625 necesse
1084 2586 1154 2625 est
1192 2593 1314 2634 eque
1344 2583 1386 2624 N
1395 2576 1459 2624 ¹V
1506 2593 1700 2624 necesse
1733 2585 1803 2623 est

103 2645 288 2694 quidem
322 2638 386 2685 N²
499 2644 588 2694 ipsi
620 2644 708 2684 sibi
741 2642 823 2686 BE
937 2643 965 2684 9
997 2643 1156 2695 fugere
1188 2646 1234 2684 et
1266 2654 1358 2694 que
1389 2642 1523 2684 BEV
1640 2641 1695 2682 10
1719 2653 1800 2691 ap-

103 2708 258 2754 petere
291 2706 404 2745 dett.
431 2706 587 2754 petere
662 2706 732 2744 est
754 2704 878 2745 Mdv.
912 2706 1019 2744 sunt
1094 2703 1147 2744 12
1181 2706 1259 2745 aut
1286 2700 1368 2753 [ut]
1393 2703 1518 2743 Mdv.
1627 2701 1680 2743 12
1715 2700 1801 2742 Te-

102 2766 294 2805 rentium
326 2764 650 2805 Heautontlm.
682 2763 706 2803 I
728 2767 764 2813 1,
781 2767 834 2804 95
866 2759 1007 2813 (147):
1045 2762 1242 2805 Decrevi
1281 2763 1504 2812 tantisper
1545 2772 1618 2802 me
1651 2762 1802 2803 minus

102 2824 309 2870 iniuriae,
343 2822 576 2870 Chremes,
610 2833 714 2864 meo
740 2825 882 2873 gnato
908 2823 1073 2870 iacere,
1107 2823 1215 2864 dum
1241 2822 1350 2863 iiam
1377 2822 1527 2862 miser.
1623 2820 1676 2862 13
1702 2824 1801 2861 tan-

100 2884 243 2932 tisper
274 2885 388 2925 dett.
420 2886 595 2923 tantum
632 2893 713 2932 per
745 2878 938 2931 (tantum
971 2894 994 2923 s
1027 2893 1108 2932 per
1138 2875 1221 2933 N’)
1324 2880 1377 2922 18
1413 2883 1482 2921 est
1513 2891 1625 2921 usus
1659 2879 1742 2920 BE

105 2941 158 2983 19
191 2941 245 2983 Et
277 2943 355 2992 qui
387 2942 475 2984 RV
519 2941 636 2991 Equi
669 2941 752 2983 BE
785 2944 830 2983 et
862 2943 940 2993 qui
980 2938 1046 2991 (et
1077 2943 1138 2983 ab
1172 2943 1258 2984 alt.
1290 2953 1350 2983 m.
1384 2942 1431 2982 ln
1465 2951 1560 2982 ras.
1594 2937 1727 2991 add.)
1761 2940 1801 2982 N

177 3001 234 3042 25
267 3002 479 3043 inimicus
513 3012 618 3042 esse
649 3000 734 3043 BE
853 3000 912 3043 28
945 3004 1015 3044 est
1046 3013 1137 3044 om.
1170 3000 1253 3043 BE

1832 1334 1888 1376 29

1834 2231 1892 2273 30
