<?xml version="1.0" encoding="UTF-8"?>
<!DOCTYPE html PUBLIC "-//W3C//DTD XHTML 1.0 Transitional//EN"
    "http://www.w3.org/TR/xhtml1/DTD/xhtml1-transitional.dtd">
<html xmlns="http://www.w3.org/1999/xhtml" xml:lang="en" lang="en">
 <head>
  <title>
</title>
<meta http-equiv="Content-Type" content="text/html;charset=utf-8" />
  <meta name='ocr-system' content='tesseract 3.04.00' />
  <meta name='ocr-capabilities' content='ocr_page ocr_carea ocr_par ocr_line ocrx_word'/>
</head>
<body>
  <div class='ocr_page' id='page_1' title='image "./p1scriptaquaeman13ciceuoft_0112.png"; bbox 0 0 2046 3138; ppageno 0'>
   <div class='ocr_carea' id='block_1_1' title="bbox 93 1034 147 1076">
    <p class='ocr_par' dir='ltr' id='par_1_1' title="bbox 93 1034 147 1076">
     <span class='ocr_line' id='line_1_1' title="bbox 93 1034 147 1076; baseline 0 0"><span class='ocrx_word' id='word_1_1' title='bbox 93 1034 147 1076; x_wconf 89' lang='grc'>13</span> 
     </span>
    </p>
   </div>
   <div class='ocr_carea' id='block_1_2' title="bbox 90 1405 144 1446">
    <p class='ocr_par' dir='ltr' id='par_1_2' title="bbox 90 1405 144 1446">
     <span class='ocr_line' id='line_1_2' title="bbox 90 1405 144 1446; baseline 0 0"><span class='ocrx_word' id='word_1_2' title='bbox 90 1405 144 1446; x_wconf 87' lang='grc'>14</span> 
     </span>
    </p>
   </div>
   <div class='ocr_carea' id='block_1_3' title="bbox 186 144 1973 207">
    <p class='ocr_par' dir='ltr' id='par_1_3' title="bbox 186 144 1973 207">
     <span class='ocr_line' id='line_1_3' title="bbox 186 144 1973 207; baseline -0.002 -13"><span class='ocrx_word' id='word_1_3' title='bbox 186 154 257 204; x_wconf 84' lang='lat'>92</span> <span class='ocrx_word' id='word_1_4' title='bbox 519 187 521 190; x_wconf 90' lang='lat'><em>.</em></span> <span class='ocrx_word' id='word_1_5' title='bbox 610 145 696 191; x_wconf 90' lang='lat' dir='ltr'>DE</span> <span class='ocrx_word' id='word_1_6' title='bbox 728 144 982 192; x_wconf 85' lang='lat' dir='ltr'>FINIBUS</span> <span class='ocrx_word' id='word_1_7' title='bbox 1015 144 1166 192; x_wconf 91' lang='lat' dir='ltr'><strong>BON.</strong></span> <span class='ocrx_word' id='word_1_8' title='bbox 1199 146 1277 191; x_wconf 89' lang='lat' dir='ltr'>ET</span> <span class='ocrx_word' id='word_1_9' title='bbox 1310 146 1463 192; x_wconf 83' lang='lat' dir='ltr'><strong>MAL.</strong></span> <span class='ocrx_word' id='word_1_10' title='bbox 1621 151 1785 192; x_wconf 90' lang='lat' dir='ltr'>Lib.111</span> <span class='ocrx_word' id='word_1_11' title='bbox 1803 150 1973 207; x_wconf 55' lang='lat' dir='ltr'>c.4÷5</span> 
     </span>
    </p>
   </div>
   <div class='ocr_carea' id='block_1_4' title="bbox 170 286 1949 2577">
    <p class='ocr_par' dir='ltr' id='par_1_4' title="bbox 184 286 1880 572">
     <span class='ocr_line' id='line_1_4' title="bbox 185 286 1879 349; baseline 0 -13"><span class='ocrx_word' id='word_1_12' title='bbox 185 287 370 345; x_wconf 89' lang='lat' dir='ltr'>modo,</span> <span class='ocrx_word' id='word_1_13' title='bbox 404 287 501 337; x_wconf 91' lang='lat' dir='ltr'>sed</span> <span class='ocrx_word' id='word_1_14' title='bbox 529 287 708 345; x_wconf 89' lang='lat' dir='ltr'>etiam,</span> <span class='ocrx_word' id='word_1_15' title='bbox 742 292 800 336; x_wconf 93' lang='lat' dir='ltr'>ut</span> <span class='ocrx_word' id='word_1_16' title='bbox 831 291 889 336; x_wconf 91' lang='lat' dir='ltr'>tu</span> <span class='ocrx_word' id='word_1_17' title='bbox 912 287 1012 345; x_wconf 83' lang='lat' dir='ltr'>viS,</span> <span class='ocrx_word' id='word_1_18' title='bbox 1045 286 1225 338; x_wconf 90' lang='lat' dir='ltr'>solum</span> <span class='ocrx_word' id='word_1_19' title='bbox 1252 287 1461 337; x_wconf 92' lang='lat' dir='ltr'>bonum</span> <span class='ocrx_word' id='word_1_20' title='bbox 1485 287 1674 338; x_wconf 89' lang='lat' dir='ltr'>videri.</span> <span class='ocrx_word' id='word_1_21' title='bbox 1729 287 1879 349; x_wconf 91' lang='lat' dir='ltr'>quod</span> 
     </span>
     <span class='ocr_line' id='line_1_5' title="bbox 185 360 1880 424; baseline 0 -13"><span class='ocrx_word' id='word_1_22' title='bbox 185 363 229 411; x_wconf 91' lang='lat' dir='ltr'>si</span> <span class='ocrx_word' id='word_1_23' title='bbox 248 363 330 423; x_wconf 78' lang='lat' dir='ltr'>jita</span> <span class='ocrx_word' id='word_1_24' title='bbox 356 366 450 419; x_wconf 91' lang='lat' dir='ltr'>est,</span> <span class='ocrx_word' id='word_1_25' title='bbox 483 362 728 423; x_wconf 90' lang='lat' dir='ltr'>sequitur</span> <span class='ocrx_word' id='word_1_26' title='bbox 752 360 807 411; x_wconf 93' lang='lat' dir='ltr'>id</span> <span class='ocrx_word' id='word_1_27' title='bbox 832 361 1029 423; x_wconf 90' lang='lat' dir='ltr'>ipsum,</span> <span class='ocrx_word' id='word_1_28' title='bbox 1055 361 1206 424; x_wconf 91' lang='lat' dir='ltr'>quod</span> <span class='ocrx_word' id='word_1_29' title='bbox 1232 365 1285 411; x_wconf 90' lang='lat' dir='ltr'>te</span> <span class='ocrx_word' id='word_1_30' title='bbox 1308 361 1453 412; x_wconf 92' lang='lat' dir='ltr'>velle</span> <span class='ocrx_word' id='word_1_31' title='bbox 1476 361 1659 419; x_wconf 90' lang='lat' dir='ltr'>vide0,</span> <span class='ocrx_word' id='word_1_32' title='bbox 1685 374 1880 417; x_wconf 89' lang='lat' dir='ltr'>omnes</span> 
     </span>
     <span class='ocr_line' id='line_1_6' title="bbox 186 435 1880 499; baseline -0.001 -14"><span class='ocrx_word' id='word_1_33' title='bbox 186 449 402 498; x_wconf 92' lang='lat' dir='ltr'>semper</span> <span class='ocrx_word' id='word_1_34' title='bbox 414 435 608 486; x_wconf 88' lang='lat' dir='ltr'>beatos</span> <span class='ocrx_word' id='word_1_35' title='bbox 627 449 750 486; x_wconf 91' lang='lat' dir='ltr'>esse</span> <span class='ocrx_word' id='word_1_36' title='bbox 763 436 1055 497; x_wconf 86' lang='lat' dir='ltr'>sapientes.</span> <span class='ocrx_word' id='word_1_37' title='bbox 1089 435 1265 486; x_wconf 91' lang='lat' dir='ltr'>hosne</span> <span class='ocrx_word' id='word_1_38' title='bbox 1282 436 1444 499; x_wconf 86' lang='lat' dir='ltr'>igitur</span> <span class='ocrx_word' id='word_1_39' title='bbox 1456 435 1650 485; x_wconf 90' lang='lat' dir='ltr'>laudas</span> <span class='ocrx_word' id='word_1_40' title='bbox 1669 440 1722 485; x_wconf 89' lang='lat' dir='ltr'>et</span> <span class='ocrx_word' id='word_1_41' title='bbox 1738 435 1880 484; x_wconf 88' lang='lat' dir='ltr'>hanc</span> 
     </span>
     <span class='ocr_line' id='line_1_7' title="bbox 184 510 1880 572; baseline -0.001 -12"><span class='ocrx_word' id='word_1_42' title='bbox 184 524 388 568; x_wconf 88' lang='lat' dir='ltr'>eorum,</span> <span class='ocrx_word' id='word_1_43' title='bbox 407 511 662 572; x_wconf 82' lang='lat' dir='ltr'>inquam,</span> <span class='ocrx_word' id='word_1_44' title='bbox 687 510 1015 560; x_wconf 84' lang='lat' dir='ltr'>sententiam</span> <span class='ocrx_word' id='word_1_45' title='bbox 1048 511 1205 572; x_wconf 88' lang='lat' dir='ltr'>sequi</span> <span class='ocrx_word' id='word_1_46' title='bbox 1237 523 1340 560; x_wconf 93' lang='lat' dir='ltr'>nos</span> <span class='ocrx_word' id='word_1_47' title='bbox 1367 523 1559 560; x_wconf 88' lang='lat' dir='ltr'>censes</span> <span class='ocrx_word' id='word_1_48' title='bbox 1593 511 1880 572; x_wconf 79' lang='lat' dir='ltr'>oportere?</span> 
     </span>
    </p>

    <p class='ocr_par' dir='ltr' id='par_1_5' title="bbox 180 583 1949 1007">
     <span class='ocr_line' id='line_1_8' title="bbox 256 583 1949 647; baseline -0.002 -14"><span class='ocrx_word' id='word_1_49' title='bbox 256 583 482 635; x_wconf 92' lang='lat' dir='ltr'>Minime</span> <span class='ocrx_word' id='word_1_50' title='bbox 512 598 645 635; x_wconf 87' lang='lat' dir='ltr'>vero</span> <span class='ocrx_word' id='word_1_51' title='bbox 679 585 906 634; x_wconf 91' lang='lat' dir='ltr'>istorum</span> <span class='ocrx_word' id='word_1_52' title='bbox 937 583 1177 646; x_wconf 89' lang='lat' dir='ltr'>quidem,</span> <span class='ocrx_word' id='word_1_53' title='bbox 1210 585 1399 647; x_wconf 88' lang='lat' dir='ltr'>inquit.</span> <span class='ocrx_word' id='word_1_54' title='bbox 1455 598 1579 634; x_wconf 93' lang='lat' dir='ltr'>cum</span> <span class='ocrx_word' id='word_1_55' title='bbox 1606 585 1752 634; x_wconf 92' lang='lat' dir='ltr'>enim</span> <span class='ocrx_word' id='word_1_56' title='bbox 1775 585 1879 633; x_wconf 88' lang='lat' dir='ltr'>vir·</span> <span class='ocrx_word' id='word_1_57' title='bbox 1915 593 1949 628; x_wconf 78' lang='lat'>-5</span> 
     </span>
     <span class='ocr_line' id='line_1_9' title="bbox 182 657 1883 721; baseline -0.001 -14"><span class='ocrx_word' id='word_1_58' title='bbox 182 659 309 708; x_wconf 91' lang='lat' dir='ltr'>tutis</span> <span class='ocrx_word' id='word_1_59' title='bbox 349 658 456 709; x_wconf 94' lang='lat' dir='ltr'>hoc</span> <span class='ocrx_word' id='word_1_60' title='bbox 496 659 774 720; x_wconf 91' lang='lat' dir='ltr'>proprium</span> <span class='ocrx_word' id='word_1_61' title='bbox 815 659 897 716; x_wconf 91' lang='lat' dir='ltr'>sit,</span> <span class='ocrx_word' id='word_1_62' title='bbox 939 671 1126 708; x_wconf 91' lang='lat' dir='ltr'>earum</span> <span class='ocrx_word' id='word_1_63' title='bbox 1159 672 1352 717; x_wconf 90' lang='lat' dir='ltr'>rerum,</span> <span class='ocrx_word' id='word_1_64' title='bbox 1396 672 1540 721; x_wconf 88' lang='lat' dir='ltr'>quae</span> <span class='ocrx_word' id='word_1_65' title='bbox 1572 657 1883 709; x_wconf 90' lang='lat' dir='ltr'>secundum</span> 
     </span>
     <span class='ocr_line' id='line_1_10' title="bbox 180 732 1878 795; baseline 0 -13"><span class='ocrx_word' id='word_1_66' title='bbox 180 738 429 782; x_wconf 90' lang='lat' dir='ltr'>naturam</span> <span class='ocrx_word' id='word_1_67' title='bbox 479 733 599 791; x_wconf 93' lang='lat' dir='ltr'>sint,</span> <span class='ocrx_word' id='word_1_68' title='bbox 647 732 851 783; x_wconf 89' lang='lat' dir='ltr'>habere</span> <span class='ocrx_word' id='word_1_69' title='bbox 892 732 1180 791; x_wconf 92' lang='lat' dir='ltr'>delectum,</span> <span class='ocrx_word' id='word_1_70' title='bbox 1229 734 1323 795; x_wconf 92' lang='lat' dir='ltr'>qui</span> <span class='ocrx_word' id='word_1_71' title='bbox 1370 733 1557 783; x_wconf 91' lang='lat' dir='ltr'>omnia</span> <span class='ocrx_word' id='word_1_72' title='bbox 1595 734 1674 782; x_wconf 92' lang='lat' dir='ltr'>sic</span> <span class='ocrx_word' id='word_1_73' title='bbox 1721 745 1878 782; x_wconf 86' lang='lat' dir='ltr'>exae-</span> 
     </span>
     <span class='ocr_line' id='line_1_11' title="bbox 181 806 1878 870; baseline 0 -14"><span class='ocrx_word' id='word_1_74' title='bbox 181 811 501 870; x_wconf 90' lang='lat' dir='ltr'>quaverunt,</span> <span class='ocrx_word' id='word_1_75' title='bbox 534 811 593 857; x_wconf 94' lang='lat' dir='ltr'>ut</span> <span class='ocrx_word' id='word_1_76' title='bbox 625 808 679 856; x_wconf 92' lang='lat' dir='ltr'>in</span> <span class='ocrx_word' id='word_1_77' title='bbox 714 811 1001 870; x_wconf 87' lang='lat' dir='ltr'>utramque</span> <span class='ocrx_word' id='word_1_78' title='bbox 1042 812 1250 869; x_wconf 90' lang='lat' dir='ltr'>partem</span> <span class='ocrx_word' id='word_1_79' title='bbox 1284 808 1359 857; x_wconf 91' lang='lat' dir='ltr'>ita</span> <span class='ocrx_word' id='word_1_80' title='bbox 1393 808 1544 870; x_wconf 91' lang='lat' dir='ltr'>paria</span> <span class='ocrx_word' id='word_1_81' title='bbox 1575 806 1878 864; x_wconf 89' lang='lat' dir='ltr'>redderent,</span> 
     </span>
     <span class='ocr_line' id='line_1_12' title="bbox 183 881 1877 943; baseline -0.001 -12"><span class='ocrx_word' id='word_1_82' title='bbox 183 883 259 931; x_wconf 93' lang='lat' dir='ltr'>uti</span> <span class='ocrx_word' id='word_1_83' title='bbox 293 881 445 932; x_wconf 91' lang='lat' dir='ltr'>nulla</span> <span class='ocrx_word' id='word_1_84' title='bbox 477 881 776 932; x_wconf 90' lang='lat' dir='ltr'>selectione</span> <span class='ocrx_word' id='word_1_85' title='bbox 808 885 1098 940; x_wconf 85' lang='lat' dir='ltr'>uterentur,</span> <span class='ocrx_word' id='word_1_86' title='bbox 1131 881 1186 931; x_wconf 93' lang='lat' dir='ltr'>hi</span> <span class='ocrx_word' id='word_1_87' title='bbox 1209 882 1464 931; x_wconf 87' lang='lat' dir='ltr'>virtutem</span> <span class='ocrx_word' id='word_1_88' title='bbox 1498 882 1675 943; x_wconf 86' lang='lat' dir='ltr'>ipsam</span> <span class='ocrx_word' id='word_1_89' title='bbox 1701 886 1877 930; x_wconf 89' lang='lat' dir='ltr'>sustu-</span> 
     </span>
     <span class='ocr_line' id='line_1_13' title="bbox 184 955 1949 1007; baseline -0.003 -2"><span class='ocrx_word' id='word_1_90' title='bbox 184 955 375 1006; x_wconf 88' lang='lat' dir='ltr'>lerunt.</span> <span class='ocrx_word' id='word_1_91' title='bbox 1904 963 1949 1007; x_wconf 78' lang='grc' dir='ltr'>ω</span> 
     </span>
    </p>

    <p class='ocr_par' dir='ltr' id='par_1_6' title="bbox 178 1029 1877 1304">
     <span class='ocr_line' id='line_1_14' title="bbox 255 1029 1877 1093; baseline 0.001 -14"><span class='ocrx_word' id='word_1_92' title='bbox 255 1029 403 1079; x_wconf 91' lang='lat' dir='ltr'>Istud</span> <span class='ocrx_word' id='word_1_93' title='bbox 422 1030 662 1092; x_wconf 90' lang='lat' dir='ltr'>quidem,</span> <span class='ocrx_word' id='word_1_94' title='bbox 688 1031 929 1093; x_wconf 91' lang='lat' dir='ltr'>inquam,</span> <span class='ocrx_word' id='word_1_95' title='bbox 956 1030 1331 1092; x_wconf 83' lang='lat' dir='ltr'>optimediciS,</span> <span class='ocrx_word' id='word_1_96' title='bbox 1349 1030 1448 1080; x_wconf 92' lang='lat' dir='ltr'>sed</span> <span class='ocrx_word' id='word_1_97' title='bbox 1467 1043 1671 1093; x_wconf 90' lang='lat' dir='ltr'>quaero</span> <span class='ocrx_word' id='word_1_98' title='bbox 1690 1043 1877 1084; x_wconf 88' lang='lat' dir='ltr'>nonne</span> 
     </span>
     <span class='ocr_line' id='line_1_15' title="bbox 178 1104 1877 1166; baseline -0.001 -13"><span class='ocrx_word' id='word_1_99' title='bbox 178 1104 273 1154; x_wconf 91' lang='lat' dir='ltr'>tibi</span> <span class='ocrx_word' id='word_1_100' title='bbox 307 1104 619 1154; x_wconf 84' lang='lat' dir='ltr'>faciendum</span> <span class='ocrx_word' id='word_1_101' title='bbox 652 1104 799 1155; x_wconf 92' lang='lat' dir='ltr'>idem</span> <span class='ocrx_word' id='word_1_102' title='bbox 833 1106 902 1154; x_wconf 91' lang='lat' dir='ltr'>sit</span> <span class='ocrx_word' id='word_1_103' title='bbox 933 1104 1067 1154; x_wconf 91' lang='lat' dir='ltr'>nihil</span> <span class='ocrx_word' id='word_1_104' title='bbox 1100 1104 1301 1155; x_wconf 90' lang='lat' dir='ltr'>dicenti</span> <span class='ocrx_word' id='word_1_105' title='bbox 1327 1104 1552 1162; x_wconf 86' lang='lat' dir='ltr'>bonum,</span> <span class='ocrx_word' id='word_1_106' title='bbox 1586 1104 1737 1166; x_wconf 89' lang='lat' dir='ltr'>quod</span> <span class='ocrx_word' id='word_1_107' title='bbox 1762 1118 1877 1154; x_wconf 92' lang='lat' dir='ltr'>non·</span> 
     </span>
     <span class='ocr_line' id='line_1_16' title="bbox 178 1178 1875 1242; baseline 0 -14"><span class='ocrx_word' id='word_1_108' title='bbox 178 1183 383 1229; x_wconf 89' lang='lat' dir='ltr'>rectum</span> <span class='ocrx_word' id='word_1_109' title='bbox 424 1178 832 1242; x_wconf 90' lang='lat' dir='ltr'>honestumque</span> <span class='ocrx_word' id='word_1_110' title='bbox 872 1179 954 1238; x_wconf 91' lang='lat' dir='ltr'>sit,</span> <span class='ocrx_word' id='word_1_111' title='bbox 994 1178 1326 1241; x_wconf 90' lang='lat' dir='ltr'>reliquarum</span> <span class='ocrx_word' id='word_1_112' title='bbox 1366 1192 1543 1229; x_wconf 93' lang='lat' dir='ltr'>rerum</span> <span class='ocrx_word' id='word_1_113' title='bbox 1585 1179 1875 1228; x_wconf 88' lang='lat' dir='ltr'>discrimen</span> 
     </span>
     <span class='ocr_line' id='line_1_17' title="bbox 180 1253 1470 1304; baseline 0.005 -2"><span class='ocrx_word' id='word_1_114' title='bbox 180 1266 345 1303; x_wconf 91' lang='lat' dir='ltr'>omne</span> <span class='ocrx_word' id='word_1_115' title='bbox 378 1253 604 1304; x_wconf 90' lang='lat' dir='ltr'>tollenti.</span> <span class='ocrx_word' id='word_1_116' title='bbox 1467 1278 1470 1281; x_wconf 49' lang='lat'><em>⁴</em></span> 
     </span>
    </p>

    <p class='ocr_par' dir='ltr' id='par_1_7' title="bbox 249 1326 1945 1390">
     <span class='ocr_line' id='line_1_18' title="bbox 249 1326 1945 1390; baseline 0.001 -13"><span class='ocrx_word' id='word_1_117' title='bbox 249 1326 311 1377; x_wconf 78' lang='lat' dir='ltr'>&#39;Si</span> <span class='ocrx_word' id='word_1_118' title='bbox 345 1327 584 1390; x_wconf 91' lang='lat' dir='ltr'>quidem,</span> <span class='ocrx_word' id='word_1_119' title='bbox 617 1328 807 1390; x_wconf 90' lang='lat' dir='ltr'>inquit,</span> <span class='ocrx_word' id='word_1_120' title='bbox 840 1327 1102 1386; x_wconf 91' lang='lat' dir='ltr'>tollerem,</span> <span class='ocrx_word' id='word_1_121' title='bbox 1135 1327 1234 1377; x_wconf 91' lang='lat' dir='ltr'>sed</span> <span class='ocrx_word' id='word_1_122' title='bbox 1267 1326 1532 1390; x_wconf 82' lang='lat' dir='ltr'>relinquo,</span> <span class='ocrx_word' id='word_1_123' title='bbox 1901 1335 1945 1370; x_wconf 87' lang='lat'>¹5</span> 
     </span>
    </p>

    <p class='ocr_par' dir='ltr' id='par_1_8' title="bbox 172 1399 1942 2058">
     <span class='ocr_line' id='line_1_19' title="bbox 253 1399 1873 1464; baseline -0.002 -9"><span class='ocrx_word' id='word_1_124' title='bbox 253 1399 510 1456; x_wconf 90' lang='lat' dir='ltr'>Quonam</span> <span class='ocrx_word' id='word_1_125' title='bbox 537 1401 750 1452; x_wconf 78' lang='lat' dir='ltr'>modo?</span> <span class='ocrx_word' id='word_1_126' title='bbox 794 1403 1034 1464; x_wconf 86' lang='lat' dir='ltr'>inquam.</span> <span class='ocrx_word' id='word_1_127' title='bbox 1091 1403 1136 1451; x_wconf 94' lang='lat' dir='ltr'>si</span> <span class='ocrx_word' id='word_1_128' title='bbox 1162 1415 1274 1451; x_wconf 94' lang='lat' dir='ltr'>una</span> <span class='ocrx_word' id='word_1_129' title='bbox 1296 1403 1481 1459; x_wconf 84' lang='lat' dir='ltr'>virtuS‚</span> <span class='ocrx_word' id='word_1_130' title='bbox 1515 1415 1686 1451; x_wconf 92' lang='lat' dir='ltr'>unum</span> <span class='ocrx_word' id='word_1_131' title='bbox 1712 1401 1873 1459; x_wconf 90' lang='lat' dir='ltr'>istud,</span> 
     </span>
     <span class='ocr_line' id='line_1_20' title="bbox 175 1475 1872 1538; baseline 0.002 -13"><span class='ocrx_word' id='word_1_132' title='bbox 175 1476 326 1538; x_wconf 89' lang='lat' dir='ltr'>quod</span> <span class='ocrx_word' id='word_1_133' title='bbox 353 1476 647 1527; x_wconf 90' lang='lat' dir='ltr'>honestum</span> <span class='ocrx_word' id='word_1_134' title='bbox 665 1475 928 1538; x_wconf 82' lang='lat' dir='ltr'>appellas,</span> <span class='ocrx_word' id='word_1_135' title='bbox 953 1481 1175 1534; x_wconf 87' lang='lat' dir='ltr'>rectum,</span> <span class='ocrx_word' id='word_1_136' title='bbox 1200 1475 1493 1534; x_wconf 89' lang='lat' dir='ltr'>laudabile,</span> <span class='ocrx_word' id='word_1_137' title='bbox 1520 1476 1781 1526; x_wconf 90' lang='lat' dir='ltr'>decorum</span> <span class='ocrx_word' id='word_1_138' title='bbox 1802 1499 1872 1530; x_wconf 82' lang='grc'>-,·</span> 
     </span>
     <span class='ocr_line' id='line_1_21' title="bbox 175 1549 1871 1613; baseline 0 -14"><span class='ocrx_word' id='word_1_139' title='bbox 175 1551 272 1600; x_wconf 89' lang='lat' dir='ltr'>erit</span> <span class='ocrx_word' id='word_1_140' title='bbox 306 1552 451 1600; x_wconf 92' lang='lat' dir='ltr'>enim</span> <span class='ocrx_word' id='word_1_141' title='bbox 484 1551 669 1601; x_wconf 92' lang='lat' dir='ltr'>notius</span> <span class='ocrx_word' id='word_1_142' title='bbox 711 1550 874 1613; x_wconf 88' lang='lat' dir='ltr'>quale</span> <span class='ocrx_word' id='word_1_143' title='bbox 906 1551 975 1600; x_wconf 88' lang='lat' dir='ltr'>sit</span> <span class='ocrx_word' id='word_1_144' title='bbox 1015 1549 1260 1613; x_wconf 89' lang='lat' dir='ltr'>pluribus</span> <span class='ocrx_word' id='word_1_145' title='bbox 1301 1555 1550 1600; x_wconf 92' lang='lat' dir='ltr'>notatum</span> <span class='ocrx_word' id='word_1_146' title='bbox 1581 1549 1871 1603; x_wconf 90' lang='lat' dir='ltr'>vocabulis</span> 
     </span>
     <span class='ocr_line' id='line_1_22' title="bbox 174 1624 1872 1688; baseline 0 -14"><span class='ocrx_word' id='word_1_147' title='bbox 174 1625 321 1675; x_wconf 91' lang='lat' dir='ltr'>idem</span> <span class='ocrx_word' id='word_1_148' title='bbox 354 1624 758 1675; x_wconf 85' lang='lat' dir='ltr'>declarantibus</span> <span class='ocrx_word' id='word_1_149' title='bbox 791 1649 877 1683; x_wconf 91' lang='lat'>—-,</span> <span class='ocrx_word' id='word_1_150' title='bbox 918 1624 973 1674; x_wconf 92' lang='lat' dir='ltr'>id</span> <span class='ocrx_word' id='word_1_151' title='bbox 1015 1638 1161 1688; x_wconf 89' lang='lat' dir='ltr'>ergo,</span> <span class='ocrx_word' id='word_1_152' title='bbox 1201 1625 1443 1687; x_wconf 86' lang='lat' dir='ltr'>inquam,</span> <span class='ocrx_word' id='word_1_153' title='bbox 1483 1625 1529 1674; x_wconf 91' lang='lat' dir='ltr'>si</span> <span class='ocrx_word' id='word_1_154' title='bbox 1569 1624 1750 1675; x_wconf 93' lang='lat' dir='ltr'>solum</span> <span class='ocrx_word' id='word_1_155' title='bbox 1791 1629 1872 1674; x_wconf 89' lang='lat' dir='ltr'>est</span> 
     </span>
     <span class='ocr_line' id='line_1_23' title="bbox 174 1698 1942 1762; baseline -0.001 -14"><span class='ocrx_word' id='word_1_156' title='bbox 174 1699 398 1757; x_wconf 92' lang='lat' dir='ltr'>bonum,</span> <span class='ocrx_word' id='word_1_157' title='bbox 432 1699 564 1762; x_wconf 92' lang='lat' dir='ltr'>quid</span> <span class='ocrx_word' id='word_1_158' title='bbox 598 1699 829 1749; x_wconf 89' lang='lat' dir='ltr'>habebis</span> <span class='ocrx_word' id='word_1_159' title='bbox 863 1703 1157 1761; x_wconf 88' lang='lat' dir='ltr'>praeterea,</span> <span class='ocrx_word' id='word_1_160' title='bbox 1191 1698 1342 1761; x_wconf 91' lang='lat' dir='ltr'>quod</span> <span class='ocrx_word' id='word_1_161' title='bbox 1368 1700 1637 1761; x_wconf 77' lang='lat' dir='ltr'>sequare?</span> <span class='ocrx_word' id='word_1_162' title='bbox 1684 1703 1791 1757; x_wconf 88' lang='lat' dir='ltr'>aut,</span> <span class='ocrx_word' id='word_1_163' title='bbox 1824 1699 1869 1748; x_wconf 91' lang='lat' dir='ltr'>si</span> <span class='ocrx_word' id='word_1_164' title='bbox 1894 1705 1942 1744; x_wconf 73' lang='lat'>2⁰</span> 
     </span>
     <span class='ocr_line' id='line_1_24' title="bbox 174 1772 1870 1836; baseline 0 -14"><span class='ocrx_word' id='word_1_165' title='bbox 174 1772 307 1822; x_wconf 93' lang='lat' dir='ltr'>nihil</span> <span class='ocrx_word' id='word_1_166' title='bbox 343 1773 565 1832; x_wconf 88' lang='lat' dir='ltr'>malum,</span> <span class='ocrx_word' id='word_1_167' title='bbox 598 1774 702 1823; x_wconf 89' lang='lat' dir='ltr'>nisi</span> <span class='ocrx_word' id='word_1_168' title='bbox 737 1773 887 1836; x_wconf 91' lang='lat' dir='ltr'>quod</span> <span class='ocrx_word' id='word_1_169' title='bbox 920 1777 1092 1835; x_wconf 85' lang='lat' dir='ltr'>turpe,</span> <span class='ocrx_word' id='word_1_170' title='bbox 1132 1773 1501 1831; x_wconf 92' lang='lat' dir='ltr'>inhonestum,</span> <span class='ocrx_word' id='word_1_171' title='bbox 1535 1772 1870 1830; x_wconf 88' lang='lat' dir='ltr'>indecorum,</span> 
     </span>
     <span class='ocr_line' id='line_1_25' title="bbox 174 1846 1871 1911; baseline 0 -15"><span class='ocrx_word' id='word_1_172' title='bbox 174 1861 418 1909; x_wconf 89' lang='lat' dir='ltr'>pravum,</span> <span class='ocrx_word' id='word_1_173' title='bbox 444 1847 794 1911; x_wconf 80' lang='lat' dir='ltr'>flagitiosum,</span> <span class='ocrx_word' id='word_1_174' title='bbox 820 1846 1045 1898; x_wconf 74' lang='lat' dir='ltr'>foedum</span> <span class='ocrx_word' id='word_1_175' title='bbox 1073 1872 1142 1879; x_wconf 94' lang='lat'>--</span> <span class='ocrx_word' id='word_1_176' title='bbox 1168 1847 1358 1897; x_wconf 88' lang='lat' dir='ltr'>uthoc</span> <span class='ocrx_word' id='word_1_177' title='bbox 1375 1860 1600 1909; x_wconf 88' lang='lat' dir='ltr'>quoque</span> <span class='ocrx_word' id='word_1_178' title='bbox 1626 1846 1871 1909; x_wconf 90' lang='lat' dir='ltr'>pluribus</span> 
     </span>
     <span class='ocr_line' id='line_1_26' title="bbox 172 1920 1871 1984; baseline -0.001 -13"><span class='ocrx_word' id='word_1_179' title='bbox 172 1921 489 1971; x_wconf 91' lang='lat' dir='ltr'>nominibus</span> <span class='ocrx_word' id='word_1_180' title='bbox 514 1922 691 1984; x_wconf 89' lang='lat' dir='ltr'>isigne</span> <span class='ocrx_word' id='word_1_181' title='bbox 716 1921 980 1971; x_wconf 82' lang='lat' dir='ltr'>faciamus</span> <span class='ocrx_word' id='word_1_182' title='bbox 1000 1946 1085 1980; x_wconf 93' lang='lat'>—-‚</span> <span class='ocrx_word' id='word_1_183' title='bbox 1111 1921 1243 1983; x_wconf 90' lang='lat' dir='ltr'>quid</span> <span class='ocrx_word' id='word_1_184' title='bbox 1270 1925 1550 1983; x_wconf 91' lang='lat' dir='ltr'>praeterea</span> <span class='ocrx_word' id='word_1_185' title='bbox 1575 1920 1725 1971; x_wconf 89' lang='lat' dir='ltr'>dices</span> <span class='ocrx_word' id='word_1_186' title='bbox 1747 1934 1871 1971; x_wconf 90' lang='lat' dir='ltr'>esse</span> 
     </span>
     <span class='ocr_line' id='line_1_27' title="bbox 174 1995 538 2058; baseline 0.008 -15"><span class='ocrx_word' id='word_1_187' title='bbox 174 1995 538 2058; x_wconf 78' lang='lat' dir='ltr'>fugiendum?</span> 
     </span>
    </p>

    <p class='ocr_par' dir='ltr' id='par_1_9' title="bbox 170 2068 1938 2429">
     <span class='ocr_line' id='line_1_28' title="bbox 246 2068 1938 2133; baseline -0.001 -14"><span class='ocrx_word' id='word_1_188' title='bbox 246 2069 371 2121; x_wconf 90' lang='lat' dir='ltr'>Non</span> <span class='ocrx_word' id='word_1_189' title='bbox 396 2071 668 2133; x_wconf 88' lang='lat' dir='ltr'>ignoranti</span> <span class='ocrx_word' id='word_1_190' title='bbox 701 2070 813 2128; x_wconf 92' lang='lat' dir='ltr'>tibi,</span> <span class='ocrx_word' id='word_1_191' title='bbox 845 2070 1035 2132; x_wconf 91' lang='lat' dir='ltr'>inquit,</span> <span class='ocrx_word' id='word_1_192' title='bbox 1068 2069 1200 2131; x_wconf 89' lang='lat' dir='ltr'>quid</span> <span class='ocrx_word' id='word_1_193' title='bbox 1234 2070 1336 2119; x_wconf 92' lang='lat' dir='ltr'>sim</span> <span class='ocrx_word' id='word_1_194' title='bbox 1363 2069 1618 2127; x_wconf 84' lang='lat' dir='ltr'>dicturuS‚</span> <span class='ocrx_word' id='word_1_195' title='bbox 1651 2069 1749 2119; x_wconf 90' lang='lat' dir='ltr'>sed</span> <span class='ocrx_word' id='word_1_196' title='bbox 1775 2068 1869 2123; x_wconf 92' lang='lat' dir='ltr'>ali-</span> <span class='ocrx_word' id='word_1_197' title='bbox 1892 2076 1938 2112; x_wconf 62' lang='lat' dir='ltr'><em>z</em></span> 
     </span>
     <span class='ocr_line' id='line_1_29' title="bbox 172 2144 1868 2208; baseline -0.001 -14"><span class='ocrx_word' id='word_1_198' title='bbox 172 2144 319 2205; x_wconf 92' lang='lat' dir='ltr'>quid,</span> <span class='ocrx_word' id='word_1_199' title='bbox 352 2149 411 2194; x_wconf 94' lang='lat' dir='ltr'>ut</span> <span class='ocrx_word' id='word_1_200' title='bbox 444 2158 549 2208; x_wconf 86' lang='lat' dir='ltr'>ego</span> <span class='ocrx_word' id='word_1_201' title='bbox 583 2145 846 2207; x_wconf 90' lang='lat' dir='ltr'>suspicor,</span> <span class='ocrx_word' id='word_1_202' title='bbox 886 2157 953 2194; x_wconf 87' lang='lat' dir='ltr'>ex</span> <span class='ocrx_word' id='word_1_203' title='bbox 993 2157 1119 2194; x_wconf 92' lang='lat' dir='ltr'>mea</span> <span class='ocrx_word' id='word_1_204' title='bbox 1158 2144 1310 2194; x_wconf 93' lang='lat' dir='ltr'>brevi</span> <span class='ocrx_word' id='word_1_205' title='bbox 1353 2145 1714 2206; x_wconf 90' lang='lat' dir='ltr'>responsione</span> <span class='ocrx_word' id='word_1_206' title='bbox 1747 2145 1868 2193; x_wconf 91' lang='lat' dir='ltr'>arri-</span> 
     </span>
     <span class='ocr_line' id='line_1_30' title="bbox 173 2216 1866 2281; baseline 0 -14"><span class='ocrx_word' id='word_1_207' title='bbox 173 2232 300 2279; x_wconf 89' lang='lat' dir='ltr'>pere</span> <span class='ocrx_word' id='word_1_208' title='bbox 345 2219 584 2281; x_wconf 91' lang='lat' dir='ltr'>cupienti</span> <span class='ocrx_word' id='word_1_209' title='bbox 625 2233 738 2269; x_wconf 94' lang='lat' dir='ltr'>non</span> <span class='ocrx_word' id='word_1_210' title='bbox 782 2218 1132 2280; x_wconf 90' lang='lat' dir='ltr'>respondebo</span> <span class='ocrx_word' id='word_1_211' title='bbox 1178 2218 1249 2268; x_wconf 91' lang='lat' dir='ltr'>ad</span> <span class='ocrx_word' id='word_1_212' title='bbox 1293 2217 1525 2281; x_wconf 86' lang='lat' dir='ltr'>singula,</span> <span class='ocrx_word' id='word_1_213' title='bbox 1579 2216 1866 2280; x_wconf 87' lang='lat' dir='ltr'>explicabo</span> 
     </span>
     <span class='ocr_line' id='line_1_31' title="bbox 172 2292 1866 2355; baseline -0.001 -13"><span class='ocrx_word' id='word_1_214' title='bbox 172 2294 368 2353; x_wconf 89' lang='lat' dir='ltr'>potius,</span> <span class='ocrx_word' id='word_1_215' title='bbox 395 2294 658 2355; x_wconf 90' lang='lat' dir='ltr'>quoniam</span> <span class='ocrx_word' id='word_1_216' title='bbox 685 2294 848 2343; x_wconf 90' lang='lat' dir='ltr'>otiosi</span> <span class='ocrx_word' id='word_1_217' title='bbox 873 2306 1078 2350; x_wconf 85' lang='lat' dir='ltr'>sumuS,</span> <span class='ocrx_word' id='word_1_218' title='bbox 1103 2293 1208 2342; x_wconf 90' lang='lat' dir='ltr'>nisi</span> <span class='ocrx_word' id='word_1_219' title='bbox 1227 2292 1467 2342; x_wconf 93' lang='lat' dir='ltr'>alienum</span> <span class='ocrx_word' id='word_1_220' title='bbox 1486 2296 1662 2354; x_wconf 89' lang='lat' dir='ltr'>putas,</span> <span class='ocrx_word' id='word_1_221' title='bbox 1695 2296 1866 2342; x_wconf 88' lang='lat' dir='ltr'>totam</span> 
     </span>
     <span class='ocr_line' id='line_1_32' title="bbox 170 2365 1243 2429; baseline 0.003 -15"><span class='ocrx_word' id='word_1_222' title='bbox 170 2365 411 2417; x_wconf 92' lang='lat' dir='ltr'>Zenonis</span> <span class='ocrx_word' id='word_1_223' title='bbox 445 2365 867 2429; x_wconf 90' lang='lat' dir='ltr'>Stoicorumque</span> <span class='ocrx_word' id='word_1_224' title='bbox 900 2367 1243 2417; x_wconf 88' lang='lat' dir='ltr'>sententiam.</span> 
     </span>
    </p>

    <p class='ocr_par' dir='ltr' id='par_1_10' title="bbox 170 2439 1935 2577">
     <span class='ocr_line' id='line_1_33' title="bbox 243 2439 1935 2503; baseline -0.002 -14"><span class='ocrx_word' id='word_1_225' title='bbox 243 2440 469 2491; x_wconf 92' lang='lat' dir='ltr'>Minime</span> <span class='ocrx_word' id='word_1_226' title='bbox 501 2441 556 2490; x_wconf 94' lang='lat' dir='ltr'>id</span> <span class='ocrx_word' id='word_1_227' title='bbox 586 2441 824 2503; x_wconf 92' lang='lat' dir='ltr'>quidem,</span> <span class='ocrx_word' id='word_1_228' title='bbox 858 2442 1107 2503; x_wconf 61' lang='lat' dir='ltr'>inquam,&gt;</span> <span class='ocrx_word' id='word_1_229' title='bbox 1133 2440 1390 2498; x_wconf 54' lang='lat' dir='ltr'>alienum,</span> <span class='ocrx_word' id='word_1_230' title='bbox 1423 2439 1768 2502; x_wconf 90' lang='lat' dir='ltr'>multumque</span> <span class='ocrx_word' id='word_1_231' title='bbox 1794 2439 1863 2488; x_wconf 88' lang='lat' dir='ltr'>ad</span> <span class='ocrx_word' id='word_1_232' title='bbox 1888 2446 1935 2483; x_wconf 80' lang='lat'>³0</span> 
     </span>
     <span class='ocr_line' id='line_1_34' title="bbox 170 2513 1706 2577; baseline 0.001 -14"><span class='ocrx_word' id='word_1_233' title='bbox 170 2527 249 2572; x_wconf 92' lang='lat' dir='ltr'>ea,</span> <span class='ocrx_word' id='word_1_234' title='bbox 284 2528 427 2576; x_wconf 89' lang='lat' dir='ltr'>quae</span> <span class='ocrx_word' id='word_1_235' title='bbox 460 2516 788 2576; x_wconf 85' lang='lat' dir='ltr'>quaerimus,</span> <span class='ocrx_word' id='word_1_236' title='bbox 822 2514 1111 2577; x_wconf 87' lang='lat' dir='ltr'>explicatio</span> <span class='ocrx_word' id='word_1_237' title='bbox 1146 2519 1240 2564; x_wconf 91' lang='lat' dir='ltr'>tua</span> <span class='ocrx_word' id='word_1_238' title='bbox 1272 2515 1376 2564; x_wconf 92' lang='lat' dir='ltr'>ista</span> <span class='ocrx_word' id='word_1_239' title='bbox 1408 2513 1706 2575; x_wconf 81' lang='lat' dir='ltr'>profecerit.</span> 
     </span>
    </p>
   </div>
   <div class='ocr_carea' id='block_1_5' title="bbox 166 2642 1863 2870">
    <p class='ocr_par' dir='ltr' id='par_1_11' title="bbox 166 2642 1863 2870">
     <span class='ocr_line' id='line_1_35' title="bbox 242 2642 1861 2696; baseline 0 -12"><span class='ocrx_word' id='word_1_240' title='bbox 242 2644 269 2684; x_wconf 85' lang='grc'><strong>6</strong></span> <span class='ocrx_word' id='word_1_241' title='bbox 302 2642 439 2694; x_wconf 90' lang='lat' dir='ltr'>quae]</span> <span class='ocrx_word' id='word_1_242' title='bbox 474 2647 553 2695; x_wconf 90' lang='lat' dir='ltr'>qui</span> <span class='ocrx_word' id='word_1_243' title='bbox 585 2645 674 2686; x_wconf 88' lang='lat' dir='ltr'>AR</span> <span class='ocrx_word' id='word_1_244' title='bbox 842 2646 867 2686; x_wconf 90' lang='grc'><strong>7</strong></span> <span class='ocrx_word' id='word_1_245' title='bbox 901 2646 979 2696; x_wconf 91' lang='lat' dir='ltr'>qui</span> <span class='ocrx_word' id='word_1_246' title='bbox 1012 2647 1115 2687; x_wconf 86' lang='lat' dir='ltr'>edd.</span> <span class='ocrx_word' id='word_1_247' title='bbox 1151 2656 1271 2696; x_wconf 90' lang='lat' dir='ltr'>quae</span> <span class='ocrx_word' id='word_1_248' title='bbox 1306 2642 1436 2695; x_wconf 88' lang='lat' dir='ltr'>(que)</span> <span class='ocrx_word' id='word_1_249' title='bbox 1601 2644 1628 2685; x_wconf 87' lang='grc'><strong>9</strong></span> <span class='ocrx_word' id='word_1_250' title='bbox 1661 2645 1725 2685; x_wconf 89' lang='lat' dir='ltr'>uti</span> <span class='ocrx_word' id='word_1_251' title='bbox 1758 2645 1861 2686; x_wconf 86' lang='lat' dir='ltr'>edd.</span> 
     </span>
     <span class='ocr_line' id='line_1_36' title="bbox 167 2701 1862 2756; baseline -0.001 -13"><span class='ocrx_word' id='word_1_252' title='bbox 167 2707 214 2743; x_wconf 92' lang='lat' dir='ltr'>ut</span> <span class='ocrx_word' id='word_1_253' title='bbox 247 2704 293 2744; x_wconf 91' lang='lat' dir='ltr'>in</span> <span class='ocrx_word' id='word_1_254' title='bbox 415 2705 462 2744; x_wconf 90' lang='lat' dir='ltr'>hi</span> <span class='ocrx_word' id='word_1_255' title='bbox 494 2705 617 2746; x_wconf 84' lang='lat' dir='ltr'>Mdv.</span> <span class='ocrx_word' id='word_1_256' title='bbox 651 2706 711 2756; x_wconf 84' lang='lat' dir='ltr'>hy</span> <span class='ocrx_word' id='word_1_257' title='bbox 735 2704 818 2746; x_wconf 92' lang='lat' dir='ltr'>BE</span> <span class='ocrx_word' id='word_1_258' title='bbox 850 2706 986 2746; x_wconf 88' lang='lat' dir='ltr'>huius</span> <span class='ocrx_word' id='word_1_259' title='bbox 1011 2704 1155 2746; x_wconf 87' lang='lat' dir='ltr'>ANV</span> <span class='ocrx_word' id='word_1_260' title='bbox 1186 2703 1216 2745; x_wconf 74' lang='lat' dir='ltr'><strong>fi</strong></span> <span class='ocrx_word' id='word_1_261' title='bbox 1250 2701 1333 2754; x_wconf 88' lang='lat'>(=</span> <span class='ocrx_word' id='word_1_262' title='bbox 1352 2701 1507 2755; x_wconf 90' lang='lat' dir='ltr'>huius)</span> <span class='ocrx_word' id='word_1_263' title='bbox 1533 2704 1571 2745; x_wconf 89' lang='lat' dir='ltr'>R</span> <span class='ocrx_word' id='word_1_264' title='bbox 1694 2703 1747 2744; x_wconf 88' lang='grc'>12</span> <span class='ocrx_word' id='word_1_265' title='bbox 1781 2703 1862 2742; x_wconf 86' lang='lat' dir='ltr'>tibi</span> 
     </span>
     <span class='ocr_line' id='line_1_37' title="bbox 167 2761 1863 2805; baseline 0 -3"><span class='ocrx_word' id='word_1_266' title='bbox 167 2763 429 2803; x_wconf 80' lang='lat' dir='ltr'>faciendum</span> <span class='ocrx_word' id='word_1_267' title='bbox 462 2765 602 2804; x_wconf 87' lang='lat' dir='ltr'>nichil</span> <span class='ocrx_word' id='word_1_268' title='bbox 635 2765 758 2805; x_wconf 88' lang='lat' dir='ltr'>idem</span> <span class='ocrx_word' id='word_1_269' title='bbox 790 2765 849 2805; x_wconf 89' lang='lat' dir='ltr'>sit</span> <span class='ocrx_word' id='word_1_270' title='bbox 878 2763 961 2805; x_wconf 89' lang='lat' dir='ltr'>BE</span> <span class='ocrx_word' id='word_1_271' title='bbox 997 2765 1078 2804; x_wconf 89' lang='lat' dir='ltr'>tibi</span> <span class='ocrx_word' id='word_1_272' title='bbox 1112 2764 1233 2804; x_wconf 90' lang='lat' dir='ltr'>idem</span> <span class='ocrx_word' id='word_1_273' title='bbox 1267 2763 1529 2805; x_wconf 84' lang='lat' dir='ltr'>iaciendum</span> <span class='ocrx_word' id='word_1_274' title='bbox 1563 2763 1621 2803; x_wconf 88' lang='lat' dir='ltr'>sit</span> <span class='ocrx_word' id='word_1_275' title='bbox 1652 2761 1793 2802; x_wconf 88' lang='lat' dir='ltr'>nichil</span> <span class='ocrx_word' id='word_1_276' title='bbox 1826 2761 1863 2802; x_wconf 90' lang='lat' dir='ltr'>R</span> 
     </span>
     <span class='ocr_line' id='line_1_38' title="bbox 166 2817 1859 2870; baseline -0.001 -9"><span class='ocrx_word' id='word_1_277' title='bbox 166 2823 288 2862; x_wconf 89' lang='lat' dir='ltr'>idem</span> <span class='ocrx_word' id='word_1_278' title='bbox 322 2823 402 2862; x_wconf 87' lang='lat' dir='ltr'>tibi</span> <span class='ocrx_word' id='word_1_279' title='bbox 428 2823 690 2864; x_wconf 78' lang='lat' dir='ltr'>faciendum</span> <span class='ocrx_word' id='word_1_280' title='bbox 715 2824 773 2864; x_wconf 86' lang='lat' dir='ltr'>sit</span> <span class='ocrx_word' id='word_1_281' title='bbox 797 2823 938 2864; x_wconf 88' lang='lat' dir='ltr'>nichil</span> <span class='ocrx_word' id='word_1_282' title='bbox 961 2823 1004 2864; x_wconf 91' lang='lat' dir='ltr'>V</span> <span class='ocrx_word' id='word_1_283' title='bbox 1103 2823 1274 2864; x_wconf 89' lang='lat' dir='ltr'>dicenti</span> <span class='ocrx_word' id='word_1_284' title='bbox 1298 2823 1340 2863; x_wconf 89' lang='lat' dir='ltr'>N</span> <span class='ocrx_word' id='word_1_285' title='bbox 1371 2823 1556 2864; x_wconf 87' lang='lat' dir='ltr'>dicendi</span> <span class='ocrx_word' id='word_1_286' title='bbox 1651 2820 1705 2861; x_wconf 89' lang='grc'>19</span> <span class='ocrx_word' id='word_1_287' title='bbox 1731 2817 1859 2870; x_wconf 89' lang='lat' dir='ltr'>ergo]</span> 
     </span>
    </p>
   </div>
   <div class='ocr_carea' id='block_1_6' title="bbox 166 2886 1861 3021">
    <p class='ocr_par' dir='ltr' id='par_1_12' title="bbox 166 2886 1861 3021">
     <span class='ocr_line' id='line_1_39' title="bbox 166 2886 1861 2962; baseline 0.001 -13"><span class='ocrx_word' id='word_1_288' title='bbox 166 2911 301 2960; x_wconf 78' lang='lat' dir='ltr'>igitur</span> <span class='ocrx_word' id='word_1_289' title='bbox 338 2910 380 2951; x_wconf 86' lang='lat' dir='ltr'>A</span> <span class='ocrx_word' id='word_1_290' title='bbox 421 2886 471 2959; x_wconf 71' lang='grc' dir='ltr'>(ὲ</span> <span class='ocrx_word' id='word_1_291' title='bbox 499 2923 589 2962; x_wconf 78' lang='lat' dir='ltr'>pro</span> <span class='ocrx_word' id='word_1_292' title='bbox 621 2886 672 2962; x_wconf 70' lang='grc' dir='ltr'>ἓ)</span> <span class='ocrx_word' id='word_1_293' title='bbox 795 2911 847 2952; x_wconf 90' lang='lat'>21</span> <span class='ocrx_word' id='word_1_294' title='bbox 883 2912 972 2953; x_wconf 77' lang='lat' dir='ltr'>nisi</span> <span class='ocrx_word' id='word_1_295' title='bbox 1004 2905 1118 2953; x_wconf 82' lang='lat' dir='ltr'>N²v</span> <span class='ocrx_word' id='word_1_296' title='bbox 1149 2912 1264 2952; x_wconf 78' lang='lat' dir='ltr'>num</span> <span class='ocrx_word' id='word_1_297' title='bbox 1294 2910 1337 2952; x_wconf 84' lang='lat' dir='ltr'>A</span> <span class='ocrx_word' id='word_1_298' title='bbox 1369 2911 1433 2951; x_wconf 83' lang='lat' dir='ltr'>nil</span> <span class='ocrx_word' id='word_1_299' title='bbox 1464 2909 1547 2951; x_wconf 84' lang='lat' dir='ltr'>BE</span> <span class='ocrx_word' id='word_1_300' title='bbox 1578 2910 1721 2951; x_wconf 73' lang='lat' dir='ltr'>nichil</span> <span class='ocrx_word' id='word_1_301' title='bbox 1751 2904 1861 2950; x_wconf 83' lang='lat' dir='ltr'>RN¹</span> 
     </span>
     <span class='ocr_line' id='line_1_40' title="bbox 241 2966 1800 3021; baseline 0 -13"><span class='ocrx_word' id='word_1_302' title='bbox 241 2969 296 3008; x_wconf 88' lang='lat'>25</span> <span class='ocrx_word' id='word_1_303' title='bbox 329 2970 410 3009; x_wconf 87' lang='lat' dir='ltr'>tibi</span> <span class='ocrx_word' id='word_1_304' title='bbox 444 2968 592 3019; x_wconf 84' lang='lat' dir='ltr'>inquit</span> <span class='ocrx_word' id='word_1_305' title='bbox 622 2971 724 3012; x_wconf 74' lang='grc' dir='ltr'><strong><em>Βαῑ.</em></strong></span> <span class='ocrx_word' id='word_1_306' title='bbox 757 2971 838 3011; x_wconf 81' lang='lat' dir='ltr'>tibi</span> <span class='ocrx_word' id='word_1_307' title='bbox 872 2966 981 3020; x_wconf 86' lang='lat' dir='ltr'>(om.</span> <span class='ocrx_word' id='word_1_308' title='bbox 1008 2968 1175 3021; x_wconf 82' lang='lat' dir='ltr'>inquit)</span> <span class='ocrx_word' id='word_1_309' title='bbox 1210 2970 1441 3011; x_wconf 82' lang='lat' dir='ltr'>ABERV</span> <span class='ocrx_word' id='word_1_310' title='bbox 1473 2970 1621 3019; x_wconf 84' lang='lat' dir='ltr'>inquit</span> <span class='ocrx_word' id='word_1_311' title='bbox 1653 2969 1734 3009; x_wconf 68' lang='lat' dir='ltr'>tim</span> <span class='ocrx_word' id='word_1_312' title='bbox 1761 2969 1800 3008; x_wconf 87' lang='lat' dir='ltr'>N</span> 
     </span>
    </p>
   </div>
  </div>
 </body>
</html>
