2046 3138
215 167 318 218 138
438 164 440 167 ’
627 160 712 205 DE
746 158 999 206 FINIBUS
1033 158 1182 209 BON.
1216 159 1295 205 ET
1327 159 1479 206 MAL.
1581 165 1749 206 Lib.IV
1766 165 1991 206 c.15-16

123 307 174 348 41
213 298 334 355 sint,
376 311 485 360 quo
526 298 660 347 nihil
708 302 892 360 potest
931 311 1054 348 esse
1098 299 1429 361 perversius
1479 297 1668 361 Itaque
1713 303 1902 349 contra

211 378 308 429 est,
338 386 402 421 ac
430 371 635 430 dicitis;
669 386 797 422 nam
827 373 1086 422 constitui
1118 374 1294 423 virtus
1322 371 1476 423 nullo
1508 372 1677 423 modo
1707 378 1903 435 potest,

210 447 314 495 nisi
346 460 425 503 ea,
458 459 599 508 quae
637 451 764 497 sunt
794 447 972 509 prima
1004 451 1250 504 naturae,
1280 452 1340 497 ut
1373 446 1444 496 ad
1477 461 1748 497 summam
1784 460 1903 509 per-

212 521 441 570 tinentia
482 521 702 571 tenebit.
758 521 1010 583 quaesita
1057 521 1201 571 enim
1243 522 1420 571 virtus
1464 526 1563 579 est,
1603 535 1714 571 non
1763 535 1903 583 quae

212 594 543 657 relinqueret
592 601 863 653 naturam,
916 595 1014 645 sed
1073 608 1214 658 quae
1264 600 1522 645 tueretur.
1571 600 1632 666 at
1681 595 1790 653 illa,
1845 601 1905 646 ut
1949 610 1971 644 5

211 669 373 719 vobis
398 669 592 732 placet,
618 675 830 732 partem
863 669 1144 732 quandam
1167 674 1365 727 tuetur,
1394 669 1662 735 reliquam
1689 669 1905 720 deserit.

285 743 466 806 Atque
518 744 641 806 ipsa
692 744 932 794 hominis
991 744 1264 794 institutio
1319 744 1363 793 si
1420 743 1750 806 loqueretur,
1802 743 1907 793 hoc

214 818 432 876 diceret,
473 819 682 881 primos
724 831 857 868 suos
903 818 1062 880 quasi
1103 823 1333 880 coeptus
1376 817 1676 881 appetendi
1715 817 1904 875 fuisse,

213 898 273 943 ut
316 906 374 942 se
419 898 771 943 conservaret
820 892 875 941 in
918 905 985 943 ea
1030 897 1243 950 natura,
1286 893 1341 942 in
1390 906 1499 954 qua
1541 897 1695 942 ortus
1740 898 1902 942 esset.

212 966 461 1016 nondum
502 972 687 1017 autem
730 966 1089 1029 explanatum
1139 967 1274 1017 satis
1316 972 1447 1024 erat,
1493 966 1626 1028 quid
1667 967 1907 1016 maxime
1930 982 1974 1017 ιο

212 1046 410 1091 natura
446 1040 629 1091 vellet.
679 1041 1008 1103 explanetur
1052 1041 1233 1104 igitur.
1285 1040 1416 1103 quid
1460 1054 1592 1104 ergo
1631 1040 1783 1090 aliud
1827 1041 1907 1090 in-

215 1114 506 1178 tellegetur
542 1115 648 1165 nisi
688 1116 767 1166 uti
811 1129 880 1166 ne
920 1128 1061 1178 quae
1104 1129 1233 1178 pars
1270 1120 1500 1166 naturae
1542 1115 1907 1178 neglegatur?

215 1190 268 1238 in
301 1203 409 1251 qua
442 1189 487 1240 si
523 1189 659 1239 nihil
690 1195 774 1240 est
809 1195 1027 1252 praeter
1056 1189 1341 1247 rationem,
1379 1190 1448 1240 sit
1477 1190 1532 1238 in
1566 1203 1677 1239 una
1704 1190 1907 1240 virtute

216 1263 346 1313 finis
383 1264 681 1321 bonorum;
732 1265 815 1314 sin
858 1269 942 1315 est
979 1265 1144 1314 etiam
1187 1277 1403 1326 corpuS‚
1440 1264 1547 1314 ista
1587 1262 1906 1326 explanatio

214 1343 445 1388 naturae
478 1351 678 1400 nempe
716 1339 821 1389 hoc
860 1338 1125 1396 effecerit,
1161 1343 1222 1388 ut
1260 1351 1340 1396 ea,
1378 1351 1519 1400 quae
1558 1343 1685 1388 ante
1719 1338 1908 1400 expla-
1932 1355 1975 1390 15

214 1413 495 1463 nationem
530 1413 879 1477 tenebamus,
923 1412 1316 1475 relinquamus,
1376 1425 1510 1475 ergo
1552 1411 1608 1461 id
1655 1417 1740 1462 est
1781 1426 1908 1462 con-

127 1499 182 1538 42
214 1488 498 1537 venienter
531 1492 763 1538 naturae
797 1487 1000 1544 vivere,
1042 1501 1075 1536 a
1109 1492 1307 1537 natura
1347 1486 1645 1537 discedere.
1691 1491 1751 1537 ut
1792 1487 1909 1549 qui-

215 1561 342 1611 dam
374 1561 708 1624 philosophi,
740 1575 862 1611 cum
888 1575 921 1610 a
947 1561 1202 1612 sensibus
1237 1560 1471 1623 profecti
1499 1561 1712 1611 maiora
1746 1574 1910 1623 quae-

216 1635 343 1685 dam
373 1641 426 1686 et
456 1635 732 1686 diviniora
765 1635 1052 1693 vidissent,
1083 1649 1279 1686 sensus
1312 1634 1664 1697 reliquerunt,
1694 1636 1773 1685 sic
1803 1635 1909 1693 isti,

216 1724 338 1760 cum
391 1723 459 1760 ex
514 1710 857 1772 appetitione
917 1723 1098 1760 rerum
1152 1710 1372 1760 virtutis
1442 1709 1976 1772 pulchritudinemao

215 1784 579 1847 aspexissent,
620 1785 821 1842 omnia,
864 1797 1005 1847 quae
1051 1789 1268 1846 praeter
1307 1784 1566 1834 virtutem
1610 1784 1789 1846 ipsam
1828 1784 1909 1833 vi-

217 1858 426 1915 derant,
478 1859 795 1909 abiecerunt
847 1858 1003 1908 obliti
1061 1863 1315 1908 naturam
1368 1871 1588 1908 omnem
1645 1863 1909 1920 appeten-

217 1932 410 1982 darum
453 1946 633 1983 rerum
676 1933 752 1983 ita
797 1932 906 1982 late
947 1937 1149 1994 patere,
1194 1937 1253 1982 ut
1292 1946 1325 1981 a
1370 1932 1654 1994 principiis
1694 1945 1908 1994 perma-

215 2012 371 2057 naret
416 2007 488 2057 ad
537 2006 696 2065 fineS,
748 2020 927 2069 neque
973 2006 1302 2069 intellegunt
1353 2019 1411 2056 se
1457 2019 1637 2056 rerum
1689 2005 1906 2055 illarum

216 2081 568 2143 pulchrarum
635 2085 801 2143 atque
868 2080 1277 2130 admirabilium
1350 2079 1715 2131 fundamenta
1782 2080 1974 2133 sub-23

218 2155 432 2206 ducere.

292 2230 481 2292 Itaque
530 2230 664 2279 mihi
715 2229 974 2280 videntur
1030 2243 1222 2279 omnes
1275 2229 1497 2291 quidem
1552 2229 1631 2279 illi
1679 2243 1908 2286 errasse,

219 2305 310 2366 qui
344 2303 514 2354 finem
548 2305 821 2354 bonorum
860 2318 983 2354 esse
1017 2303 1273 2354 dixerunt
1309 2303 1539 2354 honeste
1571 2304 1771 2360 vivere,
1811 2303 1907 2354 sed

217 2378 360 2429 alius
397 2378 508 2428 alio
547 2379 742 2441 magis,
786 2378 995 2442 Pyrrho
1036 2378 1241 2428 scilicet
1281 2378 1534 2435 maxime,
1572 2378 1664 2440 qui
1709 2378 1909 2428 virtute

217 2453 517 2502 constituta
553 2451 688 2501 nihil
729 2452 970 2509 omnino,
1016 2451 1165 2514 quod
1205 2451 1581 2514 appetendum
1626 2452 1709 2509 sit,
1748 2451 1976 2505 relin-so

219 2532 364 2589 quat,
393 2525 593 2577 deinde
619 2526 822 2584 Aristo,
856 2526 947 2588 qui
973 2525 1107 2575 nihil
1140 2524 1446 2587 relinquere
1471 2539 1582 2575 non
1613 2531 1698 2577 est
1723 2540 1907 2584 ausuS,

218 2600 523 2651 introduxit
553 2605 754 2657 autem,
788 2600 987 2662 quibus
1026 2604 1334 2650 commotus
1367 2600 1589 2662 sapiens
1625 2605 1909 2663 appeteret

136 2203 199 2251 16

128 2273 183 2314 43

291 2729 317 2769 3
332 2729 390 2769 ad
404 2724 893 2779 summamA.Man.('?)
907 2742 916 2775 ;
932 2729 991 2769 ad
1004 2739 1230 2768 summum
1243 2724 1605 2778 (assummumV)
1653 2726 1680 2767 8
1695 2724 1904 2776 coeptus]

217 2820 378 2866 ceptus
409 2817 496 2858 RN
530 2820 782 2866 conceptus
813 2817 856 2858 V
979 2816 1029 2857 11
1066 2814 1193 2867 ergo]
1228 2792 1259 2870 g
1292 2813 1375 2866 (=
1394 2813 1547 2867 igitur)
1579 2816 1617 2857 R
1741 2815 1906 2856 intelli-

217 2880 348 2926 getur
378 2878 491 2917 dett.
525 2877 853 2927 intelligeretur
969 2876 1021 2916 12
1054 2878 1119 2917 uti
1152 2888 1212 2918 ne
1245 2873 1382 2926 quae]
1415 2879 1464 2916 ut
1495 2876 1667 2925 ineque
1699 2874 1828 2916 BER
1859 2878 1908 2915 ut

218 2946 339 2985 eque
370 2935 463 2977 NV
613 2936 667 2976 21
705 2939 883 2986 praeter
913 2936 1001 2977 RV
1033 2939 1218 2985 propter
1248 2935 1381 2976 BEN
1530 2934 1587 2975 23
1621 2937 1907 2983 permanaret

219 2996 323 3037 edd.
356 2999 644 3045 permaneret
674 2995 853 3039 BERN
887 2996 1143 3047 perveniret
1172 2994 1215 3036 V
1334 2994 1391 3037 24
1422 2993 1563 3034 finem
1595 2993 1687 3039 NV
