2046 3138
221 145 291 198 32
648 138 733 186 DE
766 139 1019 187 FINIBUS
1054 138 1203 188 BON.
1238 140 1316 187 ET
1350 140 1502 188 MAL.
1672 147 1817 188 mun
1835 147 2000 188 c.1—2

234 489 236 491 ,
625 428 711 495 Μ.
751 426 1000 492 TULLI
1050 425 1503 494 CICERONIS

254 531 369 596 DE
418 528 761 597 FINIBUS
810 529 1247 597 BONORUM
1294 531 1401 596 ET
1445 530 1885 598 MALORUM

767 683 963 734 LIBER
997 682 1368 734 SECUNDUS

291 772 392 823 Hic
424 787 547 824 cum
589 778 816 838 uterque
849 789 937 825 me
978 775 1272 824 intueretur
1304 788 1538 837 seseque
1579 775 1648 825 ad
1684 775 1908 825 audien-

217 848 347 898 dum
381 848 750 911 significarent
782 854 1016 912 paratOS,
1056 849 1309 907 Primum,
1351 850 1597 912 inquam,
1633 850 1908 912 deprecor,
1956 868 1978 900 5

215 937 285 973 ne
326 937 413 973 me
454 928 735 986 tamquam
777 923 1171 987 philosophum
1213 924 1412 985 putetis
1460 924 1705 974 scholam
1749 925 1909 974 vobis

215 997 456 1060 aliquam
493 997 901 1060 explicaturum,
935 998 1086 1061 quod
1119 1011 1189 1047 ne
1223 999 1277 1046 in
1311 998 1444 1060 ipsis
1479 998 1702 1061 quidem
1736 998 1909 1061 philo-

214 1071 405 1134 sophis
453 1086 790 1136 magnopere
847 1085 1111 1135 umquam
1168 1072 1411 1134 probavi.
1491 1073 1714 1135 quando
1765 1074 1909 1123 enim

215 1144 480 1205 SocrateS,
515 1147 607 1210 qui
633 1160 830 1209 parens
857 1146 1243 1209 philosophiae
1270 1147 1383 1197 iure
1410 1146 1515 1196 dici
1542 1152 1736 1209 potest,
1763 1148 1909 1210 quic-

214 1234 379 1283 quam
429 1220 536 1271 tale
584 1220 743 1272 fecit?
807 1235 995 1272 eorum
1041 1225 1154 1271 erat
1205 1221 1306 1271 iste
1346 1235 1482 1280 moS‚
1536 1222 1628 1284 qui
1668 1227 1782 1272 tum
1823 1236 1908 1272 so·
1936 1241 1977 1276 10

213 1295 427 1357 phistae
472 1295 910 1355 nominabantur,
953 1309 1185 1358 quorum
1232 1309 1261 1345 e
1307 1309 1535 1346 numero
1578 1297 1782 1358 primus
1828 1301 1909 1346 est

213 1383 380 1420 ausus
407 1370 705 1421 Leontinus
732 1369 965 1434 Gorgias
991 1370 1045 1419 in
1073 1374 1348 1420 conventu
1375 1384 1601 1433 poscere
1635 1371 1907 1434 quaestio-

212 1458 354 1503 nem,
389 1444 443 1494 id
479 1449 560 1495 est
593 1445 779 1495 iubere
813 1444 1006 1503 dicere,
1041 1458 1151 1507 qua
1185 1444 1254 1494 de
1286 1458 1342 1494 re
1368 1445 1490 1507 quis
1514 1444 1680 1495 vellet
1705 1445 1906 1495 audire.

214 1518 394 1568 audax
420 1520 718 1582 negotium,
745 1518 981 1569 dicerem
1008 1518 1315 1581 impudenS‚
1342 1520 1445 1569 nisi
1471 1519 1577 1569 hoc
1602 1519 1905 1569 institutum

217 1598 412 1655 postea
444 1593 763 1644 translatum
797 1593 867 1644 ad
894 1593 1258 1656 philosophos
1284 1598 1500 1644 nostros
1526 1599 1683 1644 esset.
1731 1594 1829 1644 sed
1856 1598 1908 1643 et
1934 1613 1975 1648 15

213 1666 380 1726 illum,
423 1682 587 1731 quem
621 1668 919 1727 nominavi,
962 1673 1014 1718 et
1055 1672 1263 1718 ceteros
1305 1668 1595 1731 sophistas,
1636 1673 1694 1719 ut
1727 1682 1757 1718 e
1790 1667 1906 1717 Pla-

210 1746 340 1792 tone
373 1741 615 1806 intellegi
642 1747 837 1805 potest,
871 1741 1022 1794 lusos
1046 1742 1302 1793 videmus
1335 1756 1368 1792 a
1393 1741 1630 1793 Socrate.
1688 1743 1732 1792 is
1760 1743 1904 1792 enim

211 1816 583 1879 percontando
617 1821 783 1880 atque
816 1816 1202 1880 interrogando
1242 1817 1435 1867 elicere
1468 1817 1682 1868 solebat
1715 1831 1903 1867 eorum

211 1891 516 1953 opinioneS,
536 1891 863 1954 quibuscum
882 1890 1198 1950 disserebat,
1209 1896 1266 1942 ut
1284 1891 1354 1941 ad
1374 1905 1452 1950 ea,
1468 1905 1610 1954 quae
1629 1892 1665 1940 ii
1683 1905 1905 1954 respon-

210 1964 431 2024 dissent,
458 1966 503 2015 si
529 1965 662 2028 quid
686 1965 974 2024 videretur,
1001 1965 1215 2016 diceret.
1258 1966 1350 2029 qui
1376 1979 1497 2016 mos
1518 1980 1640 2015 cum
1667 1979 1700 2015 a
1725 1970 1904 2028 poste·
1929 1985 1973 2019 20

210 2038 440 2090 rioribus
473 2053 585 2090 non
612 2044 757 2090 esset
781 2044 1035 2098 retentuS,
1068 2038 1340 2090 Arcesilas
1374 2054 1499 2090 eum
1524 2040 1803 2090 revocavit
1828 2040 1904 2089 in-

210 2114 489 2177 stituitque
523 2119 581 2164 ut
613 2115 664 2173 ii,
697 2114 791 2178 qui
825 2128 885 2165 se
918 2114 1107 2164 audire
1145 2114 1364 2173 vellent,
1397 2128 1510 2165 non
1545 2114 1614 2164 de
1647 2128 1707 2164 se
1740 2128 1905 2177 quae-

209 2194 397 2247 rerent,
446 2188 544 2238 sed
589 2189 693 2251 ipsi
746 2188 1000 2248 dicerent,
1058 2188 1190 2251 quid
1243 2189 1524 2247 sentirent;
1581 2188 1730 2251 quod
1780 2202 1902 2238 cum

209 2261 486 2321 dixissent,
527 2262 616 2313 ille
658 2267 857 2314 contra.
921 2263 1020 2313 sed
1061 2276 1186 2313 eum
1230 2263 1323 2326 qui
1363 2262 1675 2321 audiebant,
1717 2262 1902 2325 quoad

210 2341 472 2399 poterant,
506 2336 875 2387 defendebant
907 2337 1232 2388 sententiam
1274 2350 1446 2388 suam.
1502 2336 1650 2399 apud
1692 2341 1900 2387 ceteros
1925 2355 1970 2390 25

207 2415 389 2461 autem
424 2410 802 2474 philosophos,
843 2412 936 2475 qui
970 2411 1241 2475 quaesivit
1281 2411 1501 2474 aliquid,
1543 2415 1706 2468 tacet;
1747 2411 1898 2474 quod

208 2483 430 2547 quidem
471 2485 579 2535 iam
619 2484 679 2536 fit
718 2486 882 2536 etiam
923 2487 977 2535 in
1009 2485 1324 2537 Academia.
1387 2485 1481 2535 ubi
1515 2486 1660 2536 enim
1703 2485 1762 2543 is,
1805 2485 1897 2547 qui

207 2558 395 2609 audire
426 2559 555 2618 vult,
591 2560 664 2609 ita
697 2559 850 2610 dixit:
886 2554 1172 2623 ‘Voluptas
1206 2560 1339 2609 mihi
1363 2560 1578 2610 videtur
1604 2573 1725 2609 esse
1751 2573 1897 2608 sum-

207 2647 356 2684 mum
390 2628 634 2692 bonum’,
679 2639 942 2696 perpetua
974 2635 1219 2685 oratione
1261 2638 1448 2685 contra
1481 2633 1798 2696 disputatur,
1839 2638 1898 2682 ut

287 2796 340 2836 15
373 2798 555 2838 nostros
588 2796 895 2845 philosophos
925 2796 1008 2837 BE
1169 2796 1223 2837 18
1256 2797 1570 2847 percontando
1603 2788 1668 2835 A²
1707 2805 1898 2844 percun-

209 2855 350 2895 tando
390 2855 483 2896 NV
526 2855 869 2906 percunctando
909 2850 1065 2896 A¹BE
1109 2867 1190 2906 per
1232 2856 1492 2897 cunctando
1531 2854 1568 2895 R
1730 2853 1782 2893 19
1823 2851 1895 2902 ea]

210 2914 326 2955 haec
351 2913 390 2957 R
465 2911 513 2964 ii]
548 2915 595 2954 hi
627 2913 757 2955 BER
789 2914 853 2954 hii
878 2914 921 2955 A
953 2915 1014 2965 hij
1046 2914 1139 2956 NV
1238 2915 1289 2955 21
1327 2914 1574 2955 archesilas
1598 2912 1639 2953 A
1671 2913 1897 2953 acesilaos

209 2972 249 3013 N
281 2973 508 3014 achesilas
539 2973 581 3014 V
701 2972 758 3014 24
790 2984 895 3014 eum
928 2985 1018 3015 om.
1050 2973 1187 3016 RNV
1308 2974 1364 3015 27
1396 2974 1533 3015 etiarn
1566 2984 1655 3014 om.
1688 2971 1816 3013 BER
