<?xml version="1.0" encoding="UTF-8"?>
<!DOCTYPE html PUBLIC "-//W3C//DTD XHTML 1.0 Transitional//EN"
    "http://www.w3.org/TR/xhtml1/DTD/xhtml1-transitional.dtd">
<html xmlns="http://www.w3.org/1999/xhtml" xml:lang="en" lang="en">
 <head>
  <title>
</title>
<meta http-equiv="Content-Type" content="text/html;charset=utf-8" />
  <meta name='ocr-system' content='tesseract 3.04.00' />
  <meta name='ocr-capabilities' content='ocr_page ocr_carea ocr_par ocr_line ocrx_word'/>
</head>
<body>
  <div class='ocr_page' id='page_1' title='image "./p1scriptaquaeman13ciceuoft_0010.png"; bbox 0 0 2002 3068; ppageno 0'>
   <div class='ocr_carea' id='block_1_1' title="bbox 124 66 1147 118">
    <p class='ocr_par' dir='ltr' id='par_1_1' title="bbox 124 66 1147 118">
     <span class='ocr_line' id='line_1_1' title="bbox 124 66 1147 118; baseline -0.006 0"><span class='ocrx_word' id='word_1_1' title='bbox 124 70 189 118; x_wconf 95' lang='lat' dir='ltr'>VI</span> <span class='ocrx_word' id='word_1_2' title='bbox 785 66 1147 114; x_wconf 86' lang='lat' dir='ltr'><strong>PRAEFATIO</strong></span> 
     </span>
    </p>
   </div>
   <div class='ocr_carea' id='block_1_2' title="bbox 131 199 1839 1566">
    <p class='ocr_par' dir='ltr' id='par_1_2' title="bbox 131 199 1839 1566">
     <span class='ocr_line' id='line_1_2' title="bbox 132 199 1828 259; baseline -0.005 -6"><span class='ocrx_word' id='word_1_3' title='bbox 132 218 237 254; x_wconf 89' lang='lat' dir='ltr'>non</span> <span class='ocrx_word' id='word_1_4' title='bbox 273 205 329 251; x_wconf 87' lang='lat' dir='ltr'>id</span> <span class='ocrx_word' id='word_1_5' title='bbox 362 206 567 250; x_wconf 82' lang='lat' dir='ltr'>tantum</span> <span class='ocrx_word' id='word_1_6' title='bbox 603 201 679 259; x_wconf 83' lang='lat' dir='ltr'>(cf.</span> <span class='ocrx_word' id='word_1_7' title='bbox 708 200 964 259; x_wconf 60' lang='lat' dir='ltr'>Madvig).</span> <span class='ocrx_word' id='word_1_8' title='bbox 1013 200 1046 258; x_wconf 64' lang='grc' dir='ltr'><strong>ξ</strong></span> <span class='ocrx_word' id='word_1_9' title='bbox 1077 201 1106 246; x_wconf 91' lang='grc'>2</span> <span class='ocrx_word' id='word_1_10' title='bbox 1138 213 1228 258; x_wconf 90' lang='lat' dir='ltr'>pro</span> <span class='ocrx_word' id='word_1_11' title='bbox 1261 201 1472 254; x_wconf 83' lang='lat' dir='ltr'>collata,</span> <span class='ocrx_word' id='word_1_12' title='bbox 1507 200 1643 257; x_wconf 91' lang='lat' dir='ltr'>quod</span> <span class='ocrx_word' id='word_1_13' title='bbox 1677 199 1828 244; x_wconf 87' lang='lat' dir='ltr'>etiam</span> 
     </span>
     <span class='ocr_line' id='line_1_3' title="bbox 134 258 1829 320; baseline -0.005 -8"><span class='ocrx_word' id='word_1_14' title='bbox 134 279 198 312; x_wconf 86' lang='lat' dir='ltr'>ex</span> <span class='ocrx_word' id='word_1_15' title='bbox 231 263 499 311; x_wconf 87' lang='lat' dir='ltr'>Parisiensi</span> <span class='ocrx_word' id='word_1_16' title='bbox 532 263 668 320; x_wconf 91' lang='lat' dir='ltr'>apud</span> <span class='ocrx_word' id='word_1_17' title='bbox 701 262 837 307; x_wconf 89' lang='lat' dir='ltr'><strong>Mdv.</strong></span> <span class='ocrx_word' id='word_1_18' title='bbox 871 261 1151 313; x_wconf 80' lang='lat' dir='ltr'>adnotatur,</span> <span class='ocrx_word' id='word_1_19' title='bbox 1186 272 1364 306; x_wconf 91' lang='lat' dir='ltr'>omnes</span> <span class='ocrx_word' id='word_1_20' title='bbox 1397 259 1574 316; x_wconf 85' lang='lat' dir='ltr'>reliqui</span> <span class='ocrx_word' id='word_1_21' title='bbox 1606 258 1730 311; x_wconf 90' lang='lat' dir='ltr'>libri,</span> <span class='ocrx_word' id='word_1_22' title='bbox 1764 260 1829 304; x_wconf 93' lang='lat' dir='ltr'>de</span> 
     </span>
     <span class='ocr_line' id='line_1_4' title="bbox 132 319 1829 383; baseline -0.004 -13"><span class='ocrx_word' id='word_1_23' title='bbox 132 325 314 383; x_wconf 90' lang='lat' dir='ltr'>quibus</span> <span class='ocrx_word' id='word_1_24' title='bbox 334 325 541 375; x_wconf 90' lang='lat' dir='ltr'>constat,</span> <span class='ocrx_word' id='word_1_25' title='bbox 569 324 618 367; x_wconf 91' lang='lat' dir='ltr'>et</span> <span class='ocrx_word' id='word_1_26' title='bbox 643 320 879 366; x_wconf 92' lang='lat' dir='ltr'>meliores</span> <span class='ocrx_word' id='word_1_27' title='bbox 905 323 954 366; x_wconf 92' lang='lat' dir='ltr'>et</span> <span class='ocrx_word' id='word_1_28' title='bbox 979 319 1266 372; x_wconf 90' lang='lat' dir='ltr'>deteriores,</span> <span class='ocrx_word' id='word_1_29' title='bbox 1292 319 1482 364; x_wconf 91' lang='lat' dir='ltr'>habent</span> <span class='ocrx_word' id='word_1_30' title='bbox 1505 319 1829 364; x_wconf 85' lang='lat' dir='ltr'>collaudata.</span> 
     </span>
     <span class='ocr_line' id='line_1_5' title="bbox 131 377 1830 431; baseline -0.005 -1"><span class='ocrx_word' id='word_1_31' title='bbox 131 386 200 431; x_wconf 90' lang='lat' dir='ltr'>lb.</span> <span class='ocrx_word' id='word_1_32' title='bbox 233 384 394 430; x_wconf 88' lang='lat' dir='ltr'>semel</span> <span class='ocrx_word' id='word_1_33' title='bbox 426 384 532 427; x_wconf 86' lang='lat' dir='ltr'>iam</span> <span class='ocrx_word' id='word_1_34' title='bbox 566 382 783 426; x_wconf 90' lang='lat' dir='ltr'>missum</span> <span class='ocrx_word' id='word_1_35' title='bbox 818 382 893 425; x_wconf 91' lang='lat' dir='ltr'>est</span> <span class='ocrx_word' id='word_1_36' title='bbox 924 379 974 424; x_wconf 92' lang='lat' dir='ltr'>in</span> <span class='ocrx_word' id='word_1_37' title='bbox 1010 379 1157 425; x_wconf 89' lang='lat' dir='ltr'><strong>codd.</strong></span> <span class='ocrx_word' id='word_1_38' title='bbox 1191 378 1484 424; x_wconf 92' lang='lat' dir='ltr'>melioribus</span> <span class='ocrx_word' id='word_1_39' title='bbox 1524 380 1574 423; x_wconf 93' lang='lat' dir='ltr'>et</span> <span class='ocrx_word' id='word_1_40' title='bbox 1608 377 1659 422; x_wconf 90' lang='lat' dir='ltr'>in</span> <span class='ocrx_word' id='word_1_41' title='bbox 1692 378 1830 423; x_wconf 86' lang='lat' dir='ltr'>dete·</span> 
     </span>
     <span class='ocr_line' id='line_1_6' title="bbox 133 438 1831 499; baseline -0.006 -8"><span class='ocrx_word' id='word_1_42' title='bbox 133 445 319 491; x_wconf 90' lang='lat' dir='ltr'>riorum</span> <span class='ocrx_word' id='word_1_43' title='bbox 351 443 507 499; x_wconf 87' lang='lat' dir='ltr'>longe</span> <span class='ocrx_word' id='word_1_44' title='bbox 540 440 780 498; x_wconf 83' lang='lat' dir='ltr'>pluribuS.</span> <span class='ocrx_word' id='word_1_45' title='bbox 829 439 1065 496; x_wconf 89' lang='lat' dir='ltr'>Denique</span> <span class='ocrx_word' id='word_1_46' title='bbox 1098 438 1199 484; x_wconf 84' lang='lat'>134</span> <span class='ocrx_word' id='word_1_47' title='bbox 1231 438 1598 496; x_wconf 73' lang='lat' dir='ltr'>intelliyantur</span> <span class='ocrx_word' id='word_1_48' title='bbox 1629 449 1718 494; x_wconf 94' lang='lat' dir='ltr'>pro</span> <span class='ocrx_word' id='word_1_49' title='bbox 1751 438 1831 482; x_wconf 89' lang='lat' dir='ltr'>in-</span> 
     </span>
     <span class='ocr_line' id='line_1_7' title="bbox 134 496 1831 560; baseline -0.005 -11"><span class='ocrx_word' id='word_1_50' title='bbox 134 505 443 560; x_wconf 74' lang='lat' dir='ltr'>telleyamus</span> <span class='ocrx_word' id='word_1_51' title='bbox 483 500 667 558; x_wconf 87' lang='lat' dir='ltr'>legitur</span> <span class='ocrx_word' id='word_1_52' title='bbox 707 498 859 545; x_wconf 90' lang='lat' dir='ltr'>etiam</span> <span class='ocrx_word' id='word_1_53' title='bbox 900 498 951 543; x_wconf 92' lang='lat' dir='ltr'>in</span> <span class='ocrx_word' id='word_1_54' title='bbox 996 510 1098 544; x_wconf 91' lang='lat' dir='ltr'>uno</span> <span class='ocrx_word' id='word_1_55' title='bbox 1139 498 1362 555; x_wconf 91' lang='lat' dir='ltr'>pessimo</span> <span class='ocrx_word' id='word_1_56' title='bbox 1404 496 1597 542; x_wconf 86' lang='lat' dir='ltr'>Davisii</span> <span class='ocrx_word' id='word_1_57' title='bbox 1639 496 1831 542; x_wconf 91' lang='lat' dir='ltr'>codice.</span> 
     </span>
     <span class='ocr_line' id='line_1_8' title="bbox 133 555 1831 616; baseline -0.005 -8"><span class='ocrx_word' id='word_1_58' title='bbox 133 563 206 609; x_wconf 86' lang='lat' dir='ltr'>Ex</span> <span class='ocrx_word' id='word_1_59' title='bbox 239 562 316 607; x_wconf 92' lang='lat' dir='ltr'>his</span> <span class='ocrx_word' id='word_1_60' title='bbox 350 562 546 607; x_wconf 84' lang='lat' dir='ltr'>collata</span> <span class='ocrx_word' id='word_1_61' title='bbox 581 562 629 605; x_wconf 94' lang='lat' dir='ltr'>et</span> <span class='ocrx_word' id='word_1_62' title='bbox 662 559 1029 616; x_wconf 73' lang='lat' dir='ltr'>intelliqantur</span> <span class='ocrx_word' id='word_1_63' title='bbox 1060 558 1407 610; x_wconf 87' lang='lat' dir='ltr'>mendasunt,</span> <span class='ocrx_word' id='word_1_64' title='bbox 1442 568 1574 614; x_wconf 90' lang='lat' dir='ltr'>quae</span> <span class='ocrx_word' id='word_1_65' title='bbox 1607 568 1637 600; x_wconf 91' lang='lat' dir='ltr'>a</span> <span class='ocrx_word' id='word_1_66' title='bbox 1669 555 1831 600; x_wconf 88' lang='lat' dir='ltr'>diver-</span> 
     </span>
     <span class='ocr_line' id='line_1_9' title="bbox 135 615 1832 675; baseline -0.005 -7"><span class='ocrx_word' id='word_1_67' title='bbox 135 622 448 668; x_wconf 89' lang='lat' dir='ltr'>sissimorum</span> <span class='ocrx_word' id='word_1_68' title='bbox 476 619 710 665; x_wconf 90' lang='lat' dir='ltr'>codicum</span> <span class='ocrx_word' id='word_1_69' title='bbox 736 617 948 664; x_wconf 89' lang='lat' dir='ltr'>librariis</span> <span class='ocrx_word' id='word_1_70' title='bbox 973 617 1224 663; x_wconf 90' lang='lat' dir='ltr'>interdum</span> <span class='ocrx_word' id='word_1_71' title='bbox 1242 616 1425 675; x_wconf 87' lang='lat' dir='ltr'>pariter</span> <span class='ocrx_word' id='word_1_72' title='bbox 1444 615 1832 668; x_wconf 89' lang='lat' dir='ltr'>committuntur,</span> 
     </span>
     <span class='ocr_line' id='line_1_10' title="bbox 136 674 1834 734; baseline -0.005 -6"><span class='ocrx_word' id='word_1_73' title='bbox 136 694 242 728; x_wconf 90' lang='lat' dir='ltr'>non</span> <span class='ocrx_word' id='word_1_74' title='bbox 286 682 394 726; x_wconf 83' lang='lat' dir='ltr'>tum</span> <span class='ocrx_word' id='word_1_75' title='bbox 436 680 491 724; x_wconf 90' lang='lat' dir='ltr'>id</span> <span class='ocrx_word' id='word_1_76' title='bbox 532 681 702 724; x_wconf 89' lang='lat' dir='ltr'>autem</span> <span class='ocrx_word' id='word_1_77' title='bbox 743 677 900 734; x_wconf 90' lang='lat' dir='ltr'>ipsius</span> <span class='ocrx_word' id='word_1_78' title='bbox 941 677 1207 723; x_wconf 91' lang='lat' dir='ltr'>meliorum</span> <span class='ocrx_word' id='word_1_79' title='bbox 1248 676 1483 723; x_wconf 92' lang='lat' dir='ltr'>codicum</span> <span class='ocrx_word' id='word_1_80' title='bbox 1523 674 1725 733; x_wconf 88' lang='lat' dir='ltr'>generis</span> <span class='ocrx_word' id='word_1_81' title='bbox 1759 677 1834 720; x_wconf 90' lang='lat' dir='ltr'>est</span> 
     </span>
     <span class='ocr_line' id='line_1_11' title="bbox 136 734 1833 794; baseline -0.004 -8"><span class='ocrx_word' id='word_1_82' title='bbox 136 741 393 792; x_wconf 91' lang='lat' dir='ltr'>indicium,</span> <span class='ocrx_word' id='word_1_83' title='bbox 420 742 473 783; x_wconf 92' lang='lat' dir='ltr'>ut</span> <span class='ocrx_word' id='word_1_84' title='bbox 498 738 622 783; x_wconf 90' lang='lat' dir='ltr'>nihil</span> <span class='ocrx_word' id='word_1_85' title='bbox 647 737 968 794; x_wconf 83' lang='lat' dir='ltr'>relinquatur,</span> <span class='ocrx_word' id='word_1_86' title='bbox 1003 749 1103 794; x_wconf 93' lang='lat' dir='ltr'>quo</span> <span class='ocrx_word' id='word_1_87' title='bbox 1131 736 1362 782; x_wconf 90' lang='lat' dir='ltr'>codicem</span> <span class='ocrx_word' id='word_1_88' title='bbox 1387 735 1428 781; x_wconf 82' lang='lat' dir='ltr'>R</span> <span class='ocrx_word' id='word_1_89' title='bbox 1452 735 1503 780; x_wconf 91' lang='lat' dir='ltr'>in</span> <span class='ocrx_word' id='word_1_90' title='bbox 1529 734 1833 780; x_wconf 87' lang='lat' dir='ltr'>deteriorum</span> 
     </span>
     <span class='ocr_line' id='line_1_12' title="bbox 137 793 1834 856; baseline -0.005 -10"><span class='ocrx_word' id='word_1_91' title='bbox 137 800 371 847; x_wconf 94' lang='lat' dir='ltr'>codicum</span> <span class='ocrx_word' id='word_1_92' title='bbox 411 810 601 856; x_wconf 87' lang='lat' dir='ltr'>genere</span> <span class='ocrx_word' id='word_1_93' title='bbox 641 797 935 842; x_wconf 90' lang='lat' dir='ltr'>habendum</span> <span class='ocrx_word' id='word_1_94' title='bbox 977 808 1091 842; x_wconf 92' lang='lat' dir='ltr'>esse</span> <span class='ocrx_word' id='word_1_95' title='bbox 1131 796 1513 841; x_wconf 87' lang='lat' dir='ltr'>demonstretur.</span> <span class='ocrx_word' id='word_1_96' title='bbox 1564 793 1834 839; x_wconf 40' lang='lat' dir='ltr'>&#39;Meliorum</span> 
     </span>
     <span class='ocr_line' id='line_1_13' title="bbox 136 853 1835 919; baseline -0.004 -14"><span class='ocrx_word' id='word_1_97' title='bbox 136 860 304 919; x_wconf 89' lang='lat' dir='ltr'>potius</span> <span class='ocrx_word' id='word_1_98' title='bbox 338 858 573 904; x_wconf 92' lang='lat' dir='ltr'>codicum</span> <span class='ocrx_word' id='word_1_99' title='bbox 598 868 809 902; x_wconf 92' lang='lat' dir='ltr'>numero</span> <span class='ocrx_word' id='word_1_100' title='bbox 836 856 876 902; x_wconf 86' lang='lat' dir='ltr'>R</span> <span class='ocrx_word' id='word_1_101' title='bbox 901 856 1195 901; x_wconf 89' lang='lat' dir='ltr'>addendum</span> <span class='ocrx_word' id='word_1_102' title='bbox 1223 867 1336 900; x_wconf 88' lang='lat' dir='ltr'>esse</span> <span class='ocrx_word' id='word_1_103' title='bbox 1360 854 1443 899; x_wconf 92' lang='lat' dir='ltr'>vel</span> <span class='ocrx_word' id='word_1_104' title='bbox 1469 853 1588 899; x_wconf 91' lang='lat' dir='ltr'>inde</span> <span class='ocrx_word' id='word_1_105' title='bbox 1614 855 1835 911; x_wconf 88' lang='lat' dir='ltr'>apparet.</span> 
     </span>
     <span class='ocr_line' id='line_1_14' title="bbox 137 913 1836 978; baseline -0.004 -14"><span class='ocrx_word' id='word_1_106' title='bbox 137 920 274 978; x_wconf 88' lang='lat' dir='ltr'>quod</span> <span class='ocrx_word' id='word_1_107' title='bbox 319 930 507 976; x_wconf 85' lang='lat' dir='ltr'>magna</span> <span class='ocrx_word' id='word_1_108' title='bbox 550 916 815 962; x_wconf 87' lang='lat' dir='ltr'>intercedit</span> <span class='ocrx_word' id='word_1_109' title='bbox 854 915 1180 961; x_wconf 87' lang='lat' dir='ltr'>necessitudo</span> <span class='ocrx_word' id='word_1_110' title='bbox 1225 914 1353 960; x_wconf 89' lang='lat' dir='ltr'>inter</span> <span class='ocrx_word' id='word_1_111' title='bbox 1391 914 1526 959; x_wconf 92' lang='lat' dir='ltr'>hunc</span> <span class='ocrx_word' id='word_1_112' title='bbox 1565 913 1746 958; x_wconf 92' lang='lat' dir='ltr'>librum</span> <span class='ocrx_word' id='word_1_113' title='bbox 1788 915 1836 958; x_wconf 93' lang='lat' dir='ltr'>et</span> 
     </span>
     <span class='ocr_line' id='line_1_15' title="bbox 137 972 1835 1026; baseline -0.005 -1"><span class='ocrx_word' id='word_1_114' title='bbox 137 979 369 1026; x_wconf 85' lang='lat' dir='ltr'>codicem</span> <span class='ocrx_word' id='word_1_115' title='bbox 410 976 760 1022; x_wconf 87' lang='lat' dir='ltr'>Morelianum.</span> <span class='ocrx_word' id='word_1_116' title='bbox 809 974 939 1021; x_wconf 87' lang='lat' dir='ltr'>Guil.</span> <span class='ocrx_word' id='word_1_117' title='bbox 982 975 1117 1020; x_wconf 89' lang='lat' dir='ltr'>enim</span> <span class='ocrx_word' id='word_1_118' title='bbox 1159 974 1398 1020; x_wconf 91' lang='lat' dir='ltr'>Morelius</span> <span class='ocrx_word' id='word_1_119' title='bbox 1443 972 1602 1018; x_wconf 90' lang='lat' dir='ltr'>edidit</span> <span class='ocrx_word' id='word_1_120' title='bbox 1640 972 1835 1024; x_wconf 91' lang='lat' dir='ltr'>librum,</span> 
     </span>
     <span class='ocr_line' id='line_1_16' title="bbox 138 1032 1835 1096; baseline -0.004 -13"><span class='ocrx_word' id='word_1_121' title='bbox 138 1038 223 1096; x_wconf 88' lang='lat' dir='ltr'>qui</span> <span class='ocrx_word' id='word_1_122' title='bbox 252 1036 554 1082; x_wconf 88' lang='lat' dir='ltr'>inscribitur:</span> <span class='ocrx_word' id='word_1_123' title='bbox 590 1035 1029 1081; x_wconf 81' lang='lat' dir='ltr'>Observationum</span> <span class='ocrx_word' id='word_1_124' title='bbox 1057 1034 1301 1080; x_wconf 89' lang='lat' dir='ltr'>Gulielmi</span> <span class='ocrx_word' id='word_1_125' title='bbox 1323 1033 1530 1078; x_wconf 88' lang='lat' dir='ltr'>Morelii</span> <span class='ocrx_word' id='word_1_126' title='bbox 1549 1032 1759 1077; x_wconf 86' lang='lat' dir='ltr'>Tilliani</span> <span class='ocrx_word' id='word_1_127' title='bbox 1783 1033 1835 1076; x_wconf 92' lang='lat' dir='ltr'>in</span> 
     </span>
     <span class='ocr_line' id='line_1_17' title="bbox 137 1093 1836 1152; baseline -0.005 -8"><span class='ocrx_word' id='word_1_128' title='bbox 137 1098 203 1144; x_wconf 93' lang='lat' dir='ltr'>M.</span> <span class='ocrx_word' id='word_1_129' title='bbox 233 1098 282 1143; x_wconf 92' lang='lat' dir='ltr'>T.</span> <span class='ocrx_word' id='word_1_130' title='bbox 311 1096 571 1146; x_wconf 81' lang='lat' dir='ltr'>Ciceronis</span> <span class='ocrx_word' id='word_1_131' title='bbox 602 1095 764 1140; x_wconf 89' lang='lat' dir='ltr'>libros</span> <span class='ocrx_word' id='word_1_132' title='bbox 790 1096 1020 1152; x_wconf 88' lang='lat' dir='ltr'>quinque</span> <span class='ocrx_word' id='word_1_133' title='bbox 1046 1094 1110 1140; x_wconf 89' lang='lat' dir='ltr'>de</span> <span class='ocrx_word' id='word_1_134' title='bbox 1134 1094 1331 1150; x_wconf 82' lang='lat' dir='ltr'>finibus</span> <span class='ocrx_word' id='word_1_135' title='bbox 1358 1093 1615 1138; x_wconf 89' lang='lat' dir='ltr'>bonorum</span> <span class='ocrx_word' id='word_1_136' title='bbox 1648 1093 1700 1137; x_wconf 82' lang='lat' dir='ltr'>et</span> <span class='ocrx_word' id='word_1_137' title='bbox 1722 1103 1836 1136; x_wconf 88' lang='lat' dir='ltr'>ma-</span> 
     </span>
     <span class='ocr_line' id='line_1_18' title="bbox 138 1150 1835 1211; baseline -0.005 -8"><span class='ocrx_word' id='word_1_138' title='bbox 138 1159 307 1204; x_wconf 91' lang='lat' dir='ltr'>lorum</span> <span class='ocrx_word' id='word_1_139' title='bbox 341 1156 762 1202; x_wconf 79' lang='lat' dir='ltr'>commentarius.</span> <span class='ocrx_word' id='word_1_140' title='bbox 819 1153 1040 1206; x_wconf 83' lang='lat' dir='ltr'>ParisiiS,</span> <span class='ocrx_word' id='word_1_141' title='bbox 1085 1153 1239 1211; x_wconf 89' lang='lat' dir='ltr'>Apud</span> <span class='ocrx_word' id='word_1_142' title='bbox 1279 1152 1522 1198; x_wconf 90' lang='lat' dir='ltr'>Ioannem</span> <span class='ocrx_word' id='word_1_143' title='bbox 1555 1150 1835 1197; x_wconf 92' lang='lat' dir='ltr'>Lodoicum</span> 
     </span>
     <span class='ocr_line' id='line_1_19' title="bbox 137 1209 1834 1271; baseline -0.005 -8"><span class='ocrx_word' id='word_1_144' title='bbox 137 1217 435 1268; x_wconf 90' lang='lat' dir='ltr'>Tiletanum‚</span> <span class='ocrx_word' id='word_1_145' title='bbox 470 1227 534 1260; x_wconf 87' lang='lat' dir='ltr'>ex</span> <span class='ocrx_word' id='word_1_146' title='bbox 566 1215 782 1259; x_wconf 88' lang='lat' dir='ltr'>adverso</span> <span class='ocrx_word' id='word_1_147' title='bbox 817 1213 1021 1271; x_wconf 87' lang='lat' dir='ltr'>collegii</span> <span class='ocrx_word' id='word_1_148' title='bbox 1055 1212 1333 1259; x_wconf 90' lang='lat' dir='ltr'>Remensis.</span> <span class='ocrx_word' id='word_1_149' title='bbox 1362 1212 1491 1257; x_wconf 86' lang='lat'>1546.</span> <span class='ocrx_word' id='word_1_150' title='bbox 1540 1209 1694 1257; x_wconf 91' lang='lat' dir='ltr'>Cuius</span> <span class='ocrx_word' id='word_1_151' title='bbox 1725 1209 1834 1256; x_wconf 91' lang='lat' dir='ltr'>libri</span> 
     </span>
     <span class='ocr_line' id='line_1_20' title="bbox 139 1268 1837 1333; baseline -0.004 -12"><span class='ocrx_word' id='word_1_152' title='bbox 139 1278 190 1322; x_wconf 90' lang='lat' dir='ltr'>in</span> <span class='ocrx_word' id='word_1_153' title='bbox 225 1276 440 1333; x_wconf 84' lang='lat' dir='ltr'>epistula</span> <span class='ocrx_word' id='word_1_154' title='bbox 473 1273 784 1319; x_wconf 89' lang='lat' dir='ltr'>dedicatoria</span> <span class='ocrx_word' id='word_1_155' title='bbox 817 1273 938 1319; x_wconf 93' lang='lat' dir='ltr'>dicit</span> <span class='ocrx_word' id='word_1_156' title='bbox 970 1272 1210 1318; x_wconf 90' lang='lat' dir='ltr'>Morelius</span> <span class='ocrx_word' id='word_1_157' title='bbox 1236 1270 1404 1329; x_wconf 92' lang='lat' dir='ltr'>(huius</span> <span class='ocrx_word' id='word_1_158' title='bbox 1431 1270 1679 1328; x_wconf 88' lang='lat' dir='ltr'>epistulae</span> <span class='ocrx_word' id='word_1_159' title='bbox 1703 1282 1750 1327; x_wconf 91' lang='lat' dir='ltr'>p.</span> <span class='ocrx_word' id='word_1_160' title='bbox 1774 1268 1837 1326; x_wconf 90' lang='grc'>4),</span> 
     </span>
     <span class='ocr_line' id='line_1_21' title="bbox 140 1327 1839 1390; baseline -0.005 -8"><span class='ocrx_word' id='word_1_161' title='bbox 140 1349 196 1382; x_wconf 92' lang='lat' dir='ltr'>se</span> <span class='ocrx_word' id='word_1_162' title='bbox 231 1333 582 1387; x_wconf 88' lang='lat' dir='ltr'>Ciceroniana,</span> <span class='ocrx_word' id='word_1_163' title='bbox 625 1335 679 1378; x_wconf 90' lang='lat' dir='ltr'>ut</span> <span class='ocrx_word' id='word_1_164' title='bbox 710 1345 1076 1390; x_wconf 90' lang='lat' dir='ltr'>nonnunquam</span> <span class='ocrx_word' id='word_1_165' title='bbox 1111 1345 1174 1378; x_wconf 89' lang='lat' dir='ltr'>ex</span> <span class='ocrx_word' id='word_1_166' title='bbox 1216 1330 1518 1389; x_wconf 89' lang='lat' dir='ltr'>comparatis</span> <span class='ocrx_word' id='word_1_167' title='bbox 1552 1342 1667 1376; x_wconf 90' lang='lat' dir='ltr'>cum</span> <span class='ocrx_word' id='word_1_168' title='bbox 1701 1327 1839 1375; x_wconf 91' lang='lat' dir='ltr'>Cice-</span> 
     </span>
     <span class='ocr_line' id='line_1_22' title="bbox 140 1392 1839 1450; baseline -0.004 -9"><span class='ocrx_word' id='word_1_169' title='bbox 140 1408 264 1442; x_wconf 88' lang='lat' dir='ltr'>rone</span> <span class='ocrx_word' id='word_1_170' title='bbox 297 1394 585 1440; x_wconf 90' lang='lat' dir='ltr'>auctoribus</span> <span class='ocrx_word' id='word_1_171' title='bbox 619 1392 846 1446; x_wconf 84' lang='lat' dir='ltr'>Graecis,</span> <span class='ocrx_word' id='word_1_172' title='bbox 889 1392 958 1437; x_wconf 90' lang='lat' dir='ltr'>ita</span> <span class='ocrx_word' id='word_1_173' title='bbox 990 1404 1230 1450; x_wconf 86' lang='lat' dir='ltr'>magnam</span> <span class='ocrx_word' id='word_1_174' title='bbox 1300 1393 1457 1436; x_wconf 89' lang='lat' dir='ltr'>artem</span> <span class='ocrx_word' id='word_1_175' title='bbox 1491 1402 1520 1435; x_wconf 90' lang='lat' dir='ltr'>e</span> <span class='ocrx_word' id='word_1_176' title='bbox 1551 1392 1724 1435; x_wconf 88' lang='lat' dir='ltr'>vetere</span> <span class='ocrx_word' id='word_1_177' title='bbox 1757 1400 1839 1434; x_wconf 87' lang='lat' dir='ltr'>co-</span> 
     </span>
     <span class='ocr_line' id='line_1_23' title="bbox 141 1447 1839 1510; baseline -0.005 -9"><span class='ocrx_word' id='word_1_178' title='bbox 141 1455 254 1501; x_wconf 93' lang='lat' dir='ltr'>dice</span> <span class='ocrx_word' id='word_1_179' title='bbox 287 1452 627 1510; x_wconf 89' lang='lat' dir='ltr'>manuscripto</span> <span class='ocrx_word' id='word_1_180' title='bbox 659 1464 945 1510; x_wconf 88' lang='lat' dir='ltr'>proponere</span> <span class='ocrx_word' id='word_1_181' title='bbox 976 1451 1215 1498; x_wconf 88' lang='lat' dir='ltr'>voluisse.</span> <span class='ocrx_word' id='word_1_182' title='bbox 1305 1451 1536 1497; x_wconf 91' lang='lat' dir='ltr'>ccurrunt</span> <span class='ocrx_word' id='word_1_183' title='bbox 1568 1448 1755 1494; x_wconf 92' lang='lat' dir='ltr'>deinde</span> <span class='ocrx_word' id='word_1_184' title='bbox 1787 1447 1839 1493; x_wconf 92' lang='lat' dir='ltr'>in</span> 
     </span>
     <span class='ocr_line' id='line_1_24' title="bbox 142 1508 1839 1566; baseline -0.005 -6"><span class='ocrx_word' id='word_1_185' title='bbox 142 1514 337 1561; x_wconf 91' lang='lat' dir='ltr'>Morelii</span> <span class='ocrx_word' id='word_1_186' title='bbox 371 1511 812 1559; x_wconf 87' lang='lat' dir='ltr'>observationibus</span> <span class='ocrx_word' id='word_1_187' title='bbox 837 1512 1026 1557; x_wconf 91' lang='lat' dir='ltr'>multae</span> <span class='ocrx_word' id='word_1_188' title='bbox 1050 1511 1296 1557; x_wconf 91' lang='lat' dir='ltr'>lectiones</span> <span class='ocrx_word' id='word_1_189' title='bbox 1323 1522 1386 1555; x_wconf 87' lang='lat' dir='ltr'>ex</span> <span class='ocrx_word' id='word_1_190' title='bbox 1413 1508 1590 1555; x_wconf 90' lang='lat' dir='ltr'>codice</span> <span class='ocrx_word' id='word_1_191' title='bbox 1616 1508 1839 1566; x_wconf 93' lang='lat' dir='ltr'>quodam</span> 
     </span>
    </p>
   </div>
   <div class='ocr_carea' id='block_1_3' title="bbox 55 1564 1879 1633">
    <p class='ocr_par' dir='ltr' id='par_1_3' title="bbox 55 1564 1879 1633">
     <span class='ocr_line' id='line_1_25' title="bbox 55 1564 1879 1633; baseline -0.004 -13"><span class='ocrx_word' id='word_1_192' title='bbox 55 1631 57 1633; x_wconf 29' lang='grc'><strong>,</strong></span> <span class='ocrx_word' id='word_1_193' title='bbox 140 1577 313 1620; x_wconf 91' lang='lat' dir='ltr'>vetere</span> <span class='ocrx_word' id='word_1_194' title='bbox 346 1573 528 1618; x_wconf 86' lang='lat' dir='ltr'>allatae</span> <span class='ocrx_word' id='word_1_195' title='bbox 544 1570 592 1629; x_wconf 90' lang='lat' dir='ltr'>l),</span> <span class='ocrx_word' id='word_1_196' title='bbox 625 1571 807 1629; x_wconf 91' lang='lat' dir='ltr'>quibus</span> <span class='ocrx_word' id='word_1_197' title='bbox 842 1574 890 1616; x_wconf 90' lang='lat' dir='ltr'>et</span> <span class='ocrx_word' id='word_1_198' title='bbox 915 1570 1205 1628; x_wconf 87' lang='lat' dir='ltr'>Madvigius</span> <span class='ocrx_word' id='word_1_199' title='bbox 1240 1572 1288 1615; x_wconf 91' lang='lat' dir='ltr'>et</span> <span class='ocrx_word' id='word_1_200' title='bbox 1313 1569 1542 1615; x_wconf 87' lang='lat' dir='ltr'>Baiterus</span> <span class='ocrx_word' id='word_1_201' title='bbox 1574 1568 1681 1613; x_wconf 91' lang='lat' dir='ltr'>iure</span> <span class='ocrx_word' id='word_1_202' title='bbox 1713 1567 1839 1612; x_wconf 80' lang='lat' dir='ltr'>mul·</span> <span class='ocrx_word' id='word_1_203' title='bbox 1876 1564 1879 1567; x_wconf 69' lang='grc'><strong><em>’</em></strong></span> 
     </span>
    </p>
   </div>
   <div class='ocr_carea' id='block_1_4' title="bbox 140 1627 1846 2699">
    <p class='ocr_par' dir='ltr' id='par_1_4' title="bbox 140 1627 1846 2699">
     <span class='ocr_line' id='line_1_26' title="bbox 140 1627 1840 1688; baseline -0.005 -9"><span class='ocrx_word' id='word_1_204' title='bbox 140 1637 247 1679; x_wconf 93' lang='lat' dir='ltr'>tum</span> <span class='ocrx_word' id='word_1_205' title='bbox 286 1633 577 1678; x_wconf 88' lang='lat' dir='ltr'>tribuerunt.</span> <span class='ocrx_word' id='word_1_206' title='bbox 633 1631 742 1677; x_wconf 90' lang='lat' dir='ltr'>Nec</span> <span class='ocrx_word' id='word_1_207' title='bbox 780 1631 894 1688; x_wconf 91' lang='lat' dir='ltr'>plus</span> <span class='ocrx_word' id='word_1_208' title='bbox 934 1643 1037 1676; x_wconf 93' lang='lat' dir='ltr'>uno</span> <span class='ocrx_word' id='word_1_209' title='bbox 1078 1630 1205 1676; x_wconf 93' lang='lat' dir='ltr'>libro</span> <span class='ocrx_word' id='word_1_210' title='bbox 1246 1632 1418 1675; x_wconf 92' lang='lat' dir='ltr'>vetere</span> <span class='ocrx_word' id='word_1_211' title='bbox 1458 1641 1612 1673; x_wconf 90' lang='lat' dir='ltr'>manu</span> <span class='ocrx_word' id='word_1_212' title='bbox 1657 1627 1840 1684; x_wconf 89' lang='lat' dir='ltr'>scripto</span> 
     </span>
     <span class='ocr_line' id='line_1_27' title="bbox 144 1686 1841 1750; baseline -0.004 -12"><span class='ocrx_word' id='word_1_213' title='bbox 144 1693 355 1739; x_wconf 92' lang='lat' dir='ltr'>Morelio</span> <span class='ocrx_word' id='word_1_214' title='bbox 388 1694 589 1750; x_wconf 88' lang='lat' dir='ltr'>praesto</span> <span class='ocrx_word' id='word_1_215' title='bbox 621 1691 733 1744; x_wconf 81' lang='lat' dir='ltr'>fuit;</span> <span class='ocrx_word' id='word_1_216' title='bbox 774 1690 978 1748; x_wconf 89' lang='lat' dir='ltr'>saepius</span> <span class='ocrx_word' id='word_1_217' title='bbox 1019 1690 1155 1735; x_wconf 92' lang='lat' dir='ltr'>enim</span> <span class='ocrx_word' id='word_1_218' title='bbox 1194 1689 1413 1747; x_wconf 91' lang='lat' dir='ltr'>loquitur</span> <span class='ocrx_word' id='word_1_219' title='bbox 1453 1689 1518 1733; x_wconf 92' lang='lat' dir='ltr'>de</span> <span class='ocrx_word' id='word_1_220' title='bbox 1550 1689 1723 1732; x_wconf 88' lang='lat' dir='ltr'>vetere</span> <span class='ocrx_word' id='word_1_221' title='bbox 1755 1686 1841 1731; x_wconf 94' lang='lat' dir='ltr'>illo</span> 
     </span>
     <span class='ocr_line' id='line_1_28' title="bbox 145 1745 1842 1808; baseline -0.005 -10"><span class='ocrx_word' id='word_1_222' title='bbox 145 1752 337 1805; x_wconf 90' lang='lat' dir='ltr'>codice,</span> <span class='ocrx_word' id='word_1_223' title='bbox 372 1763 473 1808; x_wconf 93' lang='lat' dir='ltr'>quo</span> <span class='ocrx_word' id='word_1_224' title='bbox 507 1763 628 1796; x_wconf 92' lang='lat' dir='ltr'>usus</span> <span class='ocrx_word' id='word_1_225' title='bbox 661 1750 724 1796; x_wconf 92' lang='lat' dir='ltr'>sit</span> <span class='ocrx_word' id='word_1_226' title='bbox 754 1750 837 1795; x_wconf 92' lang='lat' dir='ltr'>vel</span> <span class='ocrx_word' id='word_1_227' title='bbox 871 1762 1023 1807; x_wconf 92' lang='lat' dir='ltr'>quem</span> <span class='ocrx_word' id='word_1_228' title='bbox 1052 1749 1251 1802; x_wconf 87' lang='lat' dir='ltr'>habeat,</span> <span class='ocrx_word' id='word_1_229' title='bbox 1285 1759 1563 1805; x_wconf 91' lang='lat' dir='ltr'>numquam</span> <span class='ocrx_word' id='word_1_230' title='bbox 1596 1747 1661 1792; x_wconf 89' lang='lat' dir='ltr'>de</span> <span class='ocrx_word' id='word_1_231' title='bbox 1692 1745 1842 1804; x_wconf 90' lang='lat' dir='ltr'>pluri-</span> 
     </span>
     <span class='ocr_line' id='line_1_29' title="bbox 142 1807 1843 1867; baseline -0.005 -9"><span class='ocrx_word' id='word_1_232' title='bbox 142 1813 251 1858; x_wconf 82' lang='lat' dir='ltr'>bus,</span> <span class='ocrx_word' id='word_1_233' title='bbox 300 1811 433 1857; x_wconf 93' lang='lat' dir='ltr'>Dicit</span> <span class='ocrx_word' id='word_1_234' title='bbox 464 1810 549 1856; x_wconf 93' lang='lat' dir='ltr'>ille</span> <span class='ocrx_word' id='word_1_235' title='bbox 582 1810 788 1867; x_wconf 90' lang='lat' dir='ltr'>quidem</span> <span class='ocrx_word' id='word_1_236' title='bbox 820 1809 903 1855; x_wconf 93' lang='lat' dir='ltr'>hic</span> <span class='ocrx_word' id='word_1_237' title='bbox 935 1809 1057 1855; x_wconf 90' lang='lat' dir='ltr'>illic:</span> <span class='ocrx_word' id='word_1_238' title='bbox 1094 1808 1206 1862; x_wconf 87' lang='lat' dir='ltr'>„alii</span> <span class='ocrx_word' id='word_1_239' title='bbox 1240 1808 1444 1854; x_wconf 91' lang='lat' dir='ltr'>codices</span> <span class='ocrx_word' id='word_1_240' title='bbox 1476 1807 1693 1864; x_wconf 87' lang='lat' dir='ltr'>legunt,“</span> <span class='ocrx_word' id='word_1_241' title='bbox 1732 1817 1843 1859; x_wconf 83' lang='lat' dir='ltr'>„co-</span> 
     </span>
     <span class='ocr_line' id='line_1_30' title="bbox 144 1864 1842 1922; baseline -0.005 -5"><span class='ocrx_word' id='word_1_242' title='bbox 144 1872 283 1917; x_wconf 90' lang='lat' dir='ltr'>dices</span> <span class='ocrx_word' id='word_1_243' title='bbox 312 1870 542 1916; x_wconf 91' lang='lat' dir='ltr'>nonnulli</span> <span class='ocrx_word' id='word_1_244' title='bbox 567 1870 797 1922; x_wconf 86' lang='lat' dir='ltr'>habent,“</span> <span class='ocrx_word' id='word_1_245' title='bbox 836 1869 947 1922; x_wconf 88' lang='lat' dir='ltr'>„alii</span> <span class='ocrx_word' id='word_1_246' title='bbox 974 1868 1179 1915; x_wconf 92' lang='lat' dir='ltr'>codices</span> <span class='ocrx_word' id='word_1_247' title='bbox 1202 1868 1434 1920; x_wconf 86' lang='lat' dir='ltr'>habent,“</span> <span class='ocrx_word' id='word_1_248' title='bbox 1469 1866 1563 1912; x_wconf 93' lang='lat' dir='ltr'>sed</span> <span class='ocrx_word' id='word_1_249' title='bbox 1585 1868 1692 1910; x_wconf 92' lang='lat' dir='ltr'>tum</span> <span class='ocrx_word' id='word_1_250' title='bbox 1717 1864 1842 1910; x_wconf 90' lang='lat' dir='ltr'>nihil</span> 
     </span>
     <span class='ocr_line' id='line_1_31' title="bbox 143 1923 1842 1986; baseline -0.005 -10"><span class='ocrx_word' id='word_1_251' title='bbox 143 1930 240 1976; x_wconf 91' lang='lat' dir='ltr'>nisi</span> <span class='ocrx_word' id='word_1_252' title='bbox 272 1930 426 1976; x_wconf 93' lang='lat' dir='ltr'>libros</span> <span class='ocrx_word' id='word_1_253' title='bbox 458 1929 732 1986; x_wconf 91' lang='lat' dir='ltr'>impressos</span> <span class='ocrx_word' id='word_1_254' title='bbox 757 1928 1025 1986; x_wconf 78' lang='lat' dir='ltr'>significat,</span> <span class='ocrx_word' id='word_1_255' title='bbox 1059 1928 1146 1985; x_wconf 92' lang='lat' dir='ltr'>qui</span> <span class='ocrx_word' id='word_1_256' title='bbox 1171 1927 1379 1985; x_wconf 87' lang='lat' dir='ltr'>quidem</span> <span class='ocrx_word' id='word_1_257' title='bbox 1405 1926 1557 1972; x_wconf 88' lang='lat' dir='ltr'>etiam</span> <span class='ocrx_word' id='word_1_258' title='bbox 1586 1923 1842 1971; x_wconf 88' lang='lat' dir='ltr'>Cratandri</span> 
     </span>
     <span class='ocr_line' id='line_1_32' title="bbox 146 1983 1843 2042; baseline -0.005 -6"><span class='ocrx_word' id='word_1_259' title='bbox 146 1990 423 2036; x_wconf 90' lang='lat' dir='ltr'>editionem</span> <span class='ocrx_word' id='word_1_260' title='bbox 458 1989 807 2034; x_wconf 91' lang='lat' dir='ltr'>Basileensem</span> <span class='ocrx_word' id='word_1_261' title='bbox 841 1987 1172 2034; x_wconf 87' lang='lat' dir='ltr'>Germanicos</span> <span class='ocrx_word' id='word_1_262' title='bbox 1213 1987 1417 2033; x_wconf 90' lang='lat' dir='ltr'>codices</span> <span class='ocrx_word' id='word_1_263' title='bbox 1457 1984 1680 2042; x_wconf 90' lang='lat' dir='ltr'>appellet</span> <span class='ocrx_word' id='word_1_264' title='bbox 1711 1983 1843 2029; x_wconf 83' lang='lat' dir='ltr'>aliis-</span> 
     </span>
     <span class='ocr_line' id='line_1_33' title="bbox 145 2042 1844 2108; baseline -0.004 -13"><span class='ocrx_word' id='word_1_265' title='bbox 145 2061 244 2108; x_wconf 90' lang='lat' dir='ltr'>que</span> <span class='ocrx_word' id='word_1_266' title='bbox 276 2049 402 2095; x_wconf 89' lang='lat' dir='ltr'>locis</span> <span class='ocrx_word' id='word_1_267' title='bbox 435 2049 668 2105; x_wconf 91' lang='lat' dir='ltr'>loquatur</span> <span class='ocrx_word' id='word_1_268' title='bbox 701 2049 766 2094; x_wconf 92' lang='lat' dir='ltr'>de</span> <span class='ocrx_word' id='word_1_269' title='bbox 799 2047 1060 2093; x_wconf 90' lang='lat' dir='ltr'>codicibus</span> <span class='ocrx_word' id='word_1_270' title='bbox 1102 2046 1303 2093; x_wconf 89' lang='lat' dir='ltr'>excusis</span> <span class='ocrx_word' id='word_1_271' title='bbox 1334 2046 1419 2091; x_wconf 91' lang='lat' dir='ltr'>vel</span> <span class='ocrx_word' id='word_1_272' title='bbox 1461 2043 1721 2090; x_wconf 91' lang='lat' dir='ltr'>codicibus</span> <span class='ocrx_word' id='word_1_273' title='bbox 1753 2042 1844 2088; x_wconf 87' lang='lat' dir='ltr'>im-</span> 
     </span>
     <span class='ocr_line' id='line_1_34' title="bbox 143 2104 1843 2167; baseline -0.005 -12"><span class='ocrx_word' id='word_1_274' title='bbox 143 2108 346 2167; x_wconf 75' lang='lat' dir='ltr'>pressis,</span> <span class='ocrx_word' id='word_1_275' title='bbox 395 2108 530 2153; x_wconf 91' lang='lat' dir='ltr'>Nihil</span> <span class='ocrx_word' id='word_1_276' title='bbox 564 2107 716 2165; x_wconf 86' lang='lat' dir='ltr'>igitur</span> <span class='ocrx_word' id='word_1_277' title='bbox 748 2119 810 2153; x_wconf 92' lang='lat' dir='ltr'>eo</span> <span class='ocrx_word' id='word_1_278' title='bbox 845 2106 1067 2159; x_wconf 81' lang='lat' dir='ltr'>efficitur,</span> <span class='ocrx_word' id='word_1_279' title='bbox 1102 2107 1240 2164; x_wconf 95' lang='lat' dir='ltr'>quod</span> <span class='ocrx_word' id='word_1_280' title='bbox 1271 2106 1356 2150; x_wconf 92' lang='lat' dir='ltr'>ille</span> <span class='ocrx_word' id='word_1_281' title='bbox 1389 2105 1455 2150; x_wconf 90' lang='lat' dir='ltr'>ad</span> <span class='ocrx_word' id='word_1_282' title='bbox 1487 2104 1505 2149; x_wconf 94' lang='lat'>1</span> <span class='ocrx_word' id='word_1_283' title='bbox 1533 2104 1605 2156; x_wconf 85' lang='lat'>26,</span> <span class='ocrx_word' id='word_1_284' title='bbox 1640 2115 1755 2148; x_wconf 90' lang='lat' dir='ltr'>cum</span> <span class='ocrx_word' id='word_1_285' title='bbox 1787 2114 1843 2148; x_wconf 92' lang='lat' dir='ltr'>se</span> 
     </span>
     <span class='ocr_line' id='line_1_35' title="bbox 146 2164 1843 2224; baseline -0.005 -10"><span class='ocrx_word' id='word_1_286' title='bbox 146 2170 297 2215; x_wconf 92' lang='lat' dir='ltr'>antea</span> <span class='ocrx_word' id='word_1_287' title='bbox 344 2167 444 2213; x_wconf 89' lang='lat' dir='ltr'>iam</span> <span class='ocrx_word' id='word_1_288' title='bbox 492 2170 566 2212; x_wconf 90' lang='lat' dir='ltr'>ter</span> <span class='ocrx_word' id='word_1_289' title='bbox 605 2165 690 2224; x_wconf 87' lang='lat' dir='ltr'>(ad</span> <span class='ocrx_word' id='word_1_290' title='bbox 723 2166 815 2220; x_wconf 90' lang='lat'>12,</span> <span class='ocrx_word' id='word_1_291' title='bbox 847 2166 941 2219; x_wconf 88' lang='lat'>16,</span> <span class='ocrx_word' id='word_1_292' title='bbox 974 2165 1093 2223; x_wconf 87' lang='lat'>116)</span> <span class='ocrx_word' id='word_1_293' title='bbox 1143 2165 1374 2212; x_wconf 92' lang='lat' dir='ltr'>codicem</span> <span class='ocrx_word' id='word_1_294' title='bbox 1422 2176 1570 2209; x_wconf 91' lang='lat' dir='ltr'>suum</span> <span class='ocrx_word' id='word_1_295' title='bbox 1616 2164 1843 2208; x_wconf 91' lang='lat' dir='ltr'>veterem</span> 
     </span>
     <span class='ocr_line' id='line_1_36' title="bbox 145 2221 1842 2278; baseline -0.005 -4"><span class='ocrx_word' id='word_1_296' title='bbox 145 2238 576 2275; x_wconf 88' lang='lat' dir='ltr'>commemorasse</span> <span class='ocrx_word' id='word_1_297' title='bbox 618 2226 803 2272; x_wconf 92' lang='lat' dir='ltr'>oblitus</span> <span class='ocrx_word' id='word_1_298' title='bbox 843 2225 926 2278; x_wconf 90' lang='lat' dir='ltr'>sit,</span> <span class='ocrx_word' id='word_1_299' title='bbox 968 2238 1024 2271; x_wconf 91' lang='lat' dir='ltr'>se</span> <span class='ocrx_word' id='word_1_300' title='bbox 1062 2226 1220 2271; x_wconf 91' lang='lat' dir='ltr'>verba</span> <span class='ocrx_word' id='word_1_301' title='bbox 1250 2225 1450 2271; x_wconf 81' lang='lat' dir='ltr'>Etenim</span> <span class='ocrx_word' id='word_1_302' title='bbox 1493 2222 1744 2268; x_wconf 83' lang='lat' dir='ltr'>detractis</span> <span class='ocrx_word' id='word_1_303' title='bbox 1777 2221 1842 2266; x_wconf 87' lang='lat' dir='ltr'>de</span> 
     </span>
     <span class='ocr_line' id='line_1_37' title="bbox 145 2283 1844 2334; baseline -0.005 0"><span class='ocrx_word' id='word_1_304' title='bbox 145 2288 354 2334; x_wconf 85' lang='lat' dir='ltr'>homine</span> <span class='ocrx_word' id='word_1_305' title='bbox 391 2287 633 2332; x_wconf 78' lang='lat' dir='ltr'>sensibus</span> <span class='ocrx_word' id='word_1_306' title='bbox 674 2297 738 2331; x_wconf 88' lang='lat' dir='ltr'>ex</span> <span class='ocrx_word' id='word_1_307' title='bbox 777 2284 1010 2332; x_wconf 77' lang='lat' dir='ltr'>inferiore</span> <span class='ocrx_word' id='word_1_308' title='bbox 1053 2285 1168 2331; x_wconf 93' lang='lat' dir='ltr'>loco</span> <span class='ocrx_word' id='word_1_309' title='bbox 1215 2285 1315 2330; x_wconf 91' lang='lat' dir='ltr'>huc</span> <span class='ocrx_word' id='word_1_310' title='bbox 1357 2283 1586 2329; x_wconf 85' lang='lat' dir='ltr'>traducta</span> <span class='ocrx_word' id='word_1_311' title='bbox 1626 2293 1740 2326; x_wconf 92' lang='lat' dir='ltr'>esse</span> <span class='ocrx_word' id='word_1_312' title='bbox 1781 2292 1844 2326; x_wconf 88' lang='lat' dir='ltr'>ex</span> 
     </span>
     <span class='ocr_line' id='line_1_38' title="bbox 144 2339 1842 2404; baseline -0.005 -11"><span class='ocrx_word' id='word_1_313' title='bbox 144 2346 303 2393; x_wconf 89' lang='lat' dir='ltr'>veteri</span> <span class='ocrx_word' id='word_1_314' title='bbox 351 2346 574 2404; x_wconf 90' lang='lat' dir='ltr'>quodam</span> <span class='ocrx_word' id='word_1_315' title='bbox 619 2345 961 2402; x_wconf 85' lang='lat' dir='ltr'>manuscripto</span> <span class='ocrx_word' id='word_1_316' title='bbox 1009 2344 1188 2391; x_wconf 89' lang='lat' dir='ltr'>codice</span> <span class='ocrx_word' id='word_1_317' title='bbox 1234 2343 1381 2389; x_wconf 77' lang='lat' dir='ltr'>facile</span> <span class='ocrx_word' id='word_1_318' title='bbox 1424 2339 1842 2387; x_wconf 86' lang='lat' dir='ltr'>animadvertisse</span> 
     </span>
     <span class='ocr_line' id='line_1_39' title="bbox 146 2400 1843 2462; baseline -0.005 -10"><span class='ocrx_word' id='word_1_319' title='bbox 146 2407 367 2458; x_wconf 87' lang='lat' dir='ltr'>adnotat,</span> <span class='ocrx_word' id='word_1_320' title='bbox 399 2408 660 2462; x_wconf 89' lang='lat' dir='ltr'>tamquam</span> <span class='ocrx_word' id='word_1_321' title='bbox 692 2406 842 2450; x_wconf 85' lang='lat' dir='ltr'>antea</span> <span class='ocrx_word' id='word_1_322' title='bbox 882 2405 947 2449; x_wconf 90' lang='lat' dir='ltr'>de</span> <span class='ocrx_word' id='word_1_323' title='bbox 978 2404 1077 2450; x_wconf 93' lang='lat' dir='ltr'>hoc</span> <span class='ocrx_word' id='word_1_324' title='bbox 1109 2403 1236 2449; x_wconf 91' lang='lat' dir='ltr'>libro</span> <span class='ocrx_word' id='word_1_325' title='bbox 1270 2403 1497 2448; x_wconf 91' lang='lat' dir='ltr'>nondum</span> <span class='ocrx_word' id='word_1_326' title='bbox 1537 2400 1600 2446; x_wconf 91' lang='lat' dir='ltr'>sit</span> <span class='ocrx_word' id='word_1_327' title='bbox 1631 2400 1843 2446; x_wconf 83' lang='lat' dir='ltr'>locutuS.</span> 
     </span>
     <span class='ocr_line' id='line_1_40' title="bbox 147 2458 1844 2520; baseline -0.005 -9"><span class='ocrx_word' id='word_1_328' title='bbox 147 2465 293 2517; x_wconf 84' lang='lat' dir='ltr'>Quae</span> <span class='ocrx_word' id='word_1_329' title='bbox 325 2477 447 2510; x_wconf 93' lang='lat' dir='ltr'>vero</span> <span class='ocrx_word' id='word_1_330' title='bbox 481 2465 580 2510; x_wconf 93' lang='lat' dir='ltr'>hoc</span> <span class='ocrx_word' id='word_1_331' title='bbox 611 2464 726 2510; x_wconf 95' lang='lat' dir='ltr'>loco</span> <span class='ocrx_word' id='word_1_332' title='bbox 753 2462 806 2520; x_wconf 67' lang='grc' dir='ltr'>(ξ</span> <span class='ocrx_word' id='word_1_333' title='bbox 829 2462 906 2519; x_wconf 80' lang='grc'>26)</span> <span class='ocrx_word' id='word_1_334' title='bbox 940 2463 991 2508; x_wconf 90' lang='lat' dir='ltr'>in</span> <span class='ocrx_word' id='word_1_335' title='bbox 1024 2463 1151 2509; x_wconf 92' lang='lat' dir='ltr'>libro</span> <span class='ocrx_word' id='word_1_336' title='bbox 1184 2474 1278 2508; x_wconf 91' lang='lat' dir='ltr'>suo</span> <span class='ocrx_word' id='word_1_337' title='bbox 1311 2459 1652 2516; x_wconf 88' lang='lat' dir='ltr'>manuscripto</span> <span class='ocrx_word' id='word_1_338' title='bbox 1685 2470 1742 2504; x_wconf 90' lang='lat' dir='ltr'>se</span> <span class='ocrx_word' id='word_1_339' title='bbox 1773 2458 1844 2503; x_wconf 89' lang='lat' dir='ltr'>le-</span> 
     </span>
     <span class='ocr_line' id='line_1_41' title="bbox 145 2518 1844 2583; baseline -0.005 -13"><span class='ocrx_word' id='word_1_340' title='bbox 145 2525 284 2583; x_wconf 85' lang='lat' dir='ltr'>gisse</span> <span class='ocrx_word' id='word_1_341' title='bbox 310 2524 442 2577; x_wconf 89' lang='lat' dir='ltr'>dicit,</span> <span class='ocrx_word' id='word_1_342' title='bbox 468 2524 598 2569; x_wconf 86' lang='lat' dir='ltr'>haec</span> <span class='ocrx_word' id='word_1_343' title='bbox 628 2525 765 2568; x_wconf 85' lang='lat' dir='ltr'>sunt:</span> <span class='ocrx_word' id='word_1_344' title='bbox 801 2522 962 2576; x_wconf 84' lang='lat' dir='ltr'>„Nam</span> <span class='ocrx_word' id='word_1_345' title='bbox 989 2524 1113 2568; x_wconf 86' lang='lat' dir='ltr'>ante</span> <span class='ocrx_word' id='word_1_346' title='bbox 1136 2521 1435 2579; x_wconf 83' lang='lat' dir='ltr'>Aristippus</span> <span class='ocrx_word' id='word_1_347' title='bbox 1460 2521 1513 2566; x_wconf 84' lang='lat' dir='ltr'>et</span> <span class='ocrx_word' id='word_1_348' title='bbox 1534 2519 1621 2565; x_wconf 88' lang='lat' dir='ltr'>ille</span> <span class='ocrx_word' id='word_1_349' title='bbox 1644 2518 1844 2564; x_wconf 87' lang='lat' dir='ltr'>melius.</span> 
     </span>
     <span class='ocr_line' id='line_1_42' title="bbox 145 2577 1846 2642; baseline -0.005 -12"><span class='ocrx_word' id='word_1_350' title='bbox 145 2585 347 2631; x_wconf 84' lang='lat' dir='ltr'>Etenim</span> <span class='ocrx_word' id='word_1_351' title='bbox 391 2585 643 2642; x_wconf 83' lang='lat' dir='ltr'>quoniam</span> <span class='ocrx_word' id='word_1_352' title='bbox 689 2583 940 2628; x_wconf 85' lang='lat' dir='ltr'>detractis</span> <span class='ocrx_word' id='word_1_353' title='bbox 985 2582 1051 2628; x_wconf 88' lang='lat' dir='ltr'>de</span> <span class='ocrx_word' id='word_1_354' title='bbox 1093 2583 1303 2628; x_wconf 86' lang='lat' dir='ltr'>homine</span> <span class='ocrx_word' id='word_1_355' title='bbox 1343 2579 1608 2633; x_wconf 86' lang='lat' dir='ltr'>sensibus,</span> <span class='ocrx_word' id='word_1_356' title='bbox 1656 2577 1846 2635; x_wconf 87' lang='lat' dir='ltr'>reliqui</span> 
     </span>
     <span class='ocr_line' id='line_1_43' title="bbox 147 2637 1844 2699; baseline -0.006 -9"><span class='ocrx_word' id='word_1_357' title='bbox 147 2644 278 2690; x_wconf 86' lang='lat' dir='ltr'>nihil</span> <span class='ocrx_word' id='word_1_358' title='bbox 309 2645 408 2698; x_wconf 83' lang='lat' dir='ltr'>est,</span> <span class='ocrx_word' id='word_1_359' title='bbox 442 2654 649 2689; x_wconf 85' lang='lat' dir='ltr'>necesse</span> <span class='ocrx_word' id='word_1_360' title='bbox 682 2643 762 2688; x_wconf 83' lang='lat' dir='ltr'>est</span> <span class='ocrx_word' id='word_1_361' title='bbox 792 2641 922 2699; x_wconf 87' lang='lat' dir='ltr'>quid</span> <span class='ocrx_word' id='word_1_362' title='bbox 952 2642 1026 2687; x_wconf 85' lang='lat' dir='ltr'>ad</span> <span class='ocrx_word' id='word_1_363' title='bbox 1056 2642 1306 2686; x_wconf 80' lang='lat' dir='ltr'>naturam</span> <span class='ocrx_word' id='word_1_364' title='bbox 1340 2641 1436 2692; x_wconf 77' lang='lat' dir='ltr'>aut</span> <span class='ocrx_word' id='word_1_365' title='bbox 1465 2638 1650 2684; x_wconf 80' lang='lat' dir='ltr'>contra</span> <span class='ocrx_word' id='word_1_366' title='bbox 1680 2637 1776 2690; x_wconf 84' lang='lat' dir='ltr'>sit,</span> <span class='ocrx_word' id='word_1_367' title='bbox 1810 2647 1844 2680; x_wconf 89' lang='lat' dir='ltr'><strong><em>a</em></strong></span> 
     </span>
    </p>
   </div>
   <div class='ocr_carea' id='block_1_5' title="bbox 154 2719 510 2726">
    <p class='ocr_par' dir='ltr' id='par_1_5' title="bbox 154 2719 510 2726">
     <span class='ocr_line' id='line_1_44' title="bbox 154 2719 510 2726; baseline 0 342"><span class='ocrx_word' id='word_1_368' title='bbox 154 2719 510 2726; x_wconf 95' lang='lat' dir='ltr'> </span> 
     </span>
    </p>
   </div>
   <div class='ocr_carea' id='block_1_6' title="bbox 149 2758 1844 2935">
    <p class='ocr_par' dir='ltr' id='par_1_6' title="bbox 149 2758 1844 2935">
     <span class='ocr_line' id='line_1_45' title="bbox 225 2758 1843 2816; baseline -0.006 -10"><span class='ocrx_word' id='word_1_369' title='bbox 225 2763 269 2816; x_wconf 92' lang='lat'>1)</span> <span class='ocrx_word' id='word_1_370' title='bbox 302 2765 392 2811; x_wconf 84' lang='lat' dir='ltr'>Eas</span> <span class='ocrx_word' id='word_1_371' title='bbox 424 2764 462 2809; x_wconf 78' lang='lat' dir='ltr'>J.</span> <span class='ocrx_word' id='word_1_372' title='bbox 497 2764 544 2806; x_wconf 90' lang='lat' dir='ltr'>C.</span> <span class='ocrx_word' id='word_1_373' title='bbox 579 2763 777 2806; x_wconf 89' lang='lat' dir='ltr'>Orellius</span> <span class='ocrx_word' id='word_1_374' title='bbox 809 2764 856 2804; x_wconf 87' lang='lat' dir='ltr'>in</span> <span class='ocrx_word' id='word_1_375' title='bbox 890 2762 1124 2805; x_wconf 86' lang='lat' dir='ltr'>Ciceronis</span> <span class='ocrx_word' id='word_1_376' title='bbox 1157 2760 1538 2803; x_wconf 87' lang='lat' dir='ltr'>Academicorum</span> <span class='ocrx_word' id='word_1_377' title='bbox 1572 2762 1618 2800; x_wconf 83' lang='lat' dir='ltr'>et</span> <span class='ocrx_word' id='word_1_378' title='bbox 1650 2760 1708 2801; x_wconf 91' lang='lat' dir='ltr'>de</span> <span class='ocrx_word' id='word_1_379' title='bbox 1741 2758 1843 2798; x_wconf 74' lang='lat' dir='ltr'>tini-</span> 
     </span>
     <span class='ocr_line' id='line_1_46' title="bbox 150 2817 1844 2872; baseline -0.005 -6"><span class='ocrx_word' id='word_1_380' title='bbox 150 2826 237 2870; x_wconf 86' lang='lat' dir='ltr'>bus</span> <span class='ocrx_word' id='word_1_381' title='bbox 269 2825 484 2869; x_wconf 89' lang='lat' dir='ltr'>librorum</span> <span class='ocrx_word' id='word_1_382' title='bbox 517 2824 725 2866; x_wconf 88' lang='lat' dir='ltr'>editione</span> <span class='ocrx_word' id='word_1_383' title='bbox 756 2834 835 2869; x_wconf 85' lang='lat' dir='ltr'>ea,</span> <span class='ocrx_word' id='word_1_384' title='bbox 869 2833 990 2872; x_wconf 90' lang='lat' dir='ltr'>quae</span> <span class='ocrx_word' id='word_1_385' title='bbox 1023 2822 1191 2871; x_wconf 85' lang='lat' dir='ltr'>prodiit</span> <span class='ocrx_word' id='word_1_386' title='bbox 1222 2820 1371 2862; x_wconf 87' lang='lat' dir='ltr'>Turici</span> <span class='ocrx_word' id='word_1_387' title='bbox 1406 2819 1534 2866; x_wconf 85' lang='lat'>1827,</span> <span class='ocrx_word' id='word_1_388' title='bbox 1568 2830 1613 2868; x_wconf 90' lang='lat' dir='ltr'>p.</span> <span class='ocrx_word' id='word_1_389' title='bbox 1639 2817 1725 2859; x_wconf 82' lang='grc'>339</span> <span class='ocrx_word' id='word_1_390' title='bbox 1741 2828 1844 2867; x_wconf 90' lang='lat' dir='ltr'>sqq.</span> 
     </span>
     <span class='ocr_line' id='line_1_47' title="bbox 149 2875 1518 2935; baseline -0.005 -7"><span class='ocrx_word' id='word_1_391' title='bbox 149 2894 252 2929; x_wconf 86' lang='lat' dir='ltr'>cum</span> <span class='ocrx_word' id='word_1_392' title='bbox 287 2884 448 2935; x_wconf 85' lang='lat' dir='ltr'>paucis</span> <span class='ocrx_word' id='word_1_393' title='bbox 482 2883 584 2925; x_wconf 88' lang='lat' dir='ltr'>aliis</span> <span class='ocrx_word' id='word_1_394' title='bbox 615 2882 793 2925; x_wconf 88' lang='lat' dir='ltr'>Morelii</span> <span class='ocrx_word' id='word_1_395' title='bbox 826 2882 948 2924; x_wconf 90' lang='lat' dir='ltr'>notis</span> <span class='ocrx_word' id='word_1_396' title='bbox 980 2881 1222 2930; x_wconf 87' lang='lat' dir='ltr'>excerpsit.</span> <span class='ocrx_word' id='word_1_397' title='bbox 1510 2875 1518 2881; x_wconf 73' lang='grc'><strong>”</strong></span> 
     </span>
    </p>
   </div>
  </div>
 </body>
</html>
