2046 3138
33 157 60 208 ἓ
87 158 257 200 35—41
544 153 629 199 DE
661 151 915 199 FINIBUS
942 151 1099 198 BON.
1134 152 1211 197 ET
1244 151 1398 198 MAL.
1752 159 1815 209 51

123 296 286 346 etiam
322 293 647 354 CarneadeS,
691 308 793 345 nec
833 294 944 344 ulla
987 293 1057 344 de
1101 308 1319 345 summo
1362 294 1511 345 bono
1553 293 1688 345 ratio
1730 298 1824 343 aut

121 370 419 432 voluptatis
460 384 572 420 non
614 369 911 421 dolendive
952 369 1222 431 particeps
1263 374 1356 419 aut
1397 369 1700 420 honestatis
1735 382 1824 418 ex·

123 458 245 507 pers
286 445 616 507 probabitur.
679 445 754 494 ita
792 444 1061 507 relinquet
1102 443 1255 502 duaS,
1305 444 1374 494 de
1416 444 1615 507 quibus
1658 444 1822 495 etiam

122 524 287 582 atque
322 521 485 569 etiam
519 519 842 571 consideret.
891 523 984 568 aut
1018 519 1163 569 enim
1190 523 1391 569 statuet
1416 518 1551 568 nihil
1579 532 1702 569 esse
1727 517 1825 568 bo-

75 605 98 640 5
123 608 254 644 num
288 595 393 644 nisi
426 594 735 653 honestum,
769 593 903 644 nihil
938 593 1144 643 malum
1178 594 1282 643 nisi
1315 598 1486 656 turpe,
1522 598 1701 644 cetera
1733 597 1827 642 aut

121 670 348 719 omnino
391 669 524 718 nihil
568 669 770 719 habere
803 669 1069 720 momenti
1110 673 1204 718 aut
1235 673 1462 726 tantum,
1504 674 1561 719 ut
1602 682 1704 719 nec
1737 682 1827 719 ex-

122 743 363 806 petenda
396 757 498 794 nec
522 743 800 807 fugienda,
826 743 924 794 sed
952 743 1208 807 eligenda
1232 743 1402 794 modo
1431 748 1524 793 aut
1549 743 1826 794 reicienda

120 819 241 876 sint,
267 822 362 868 aut
387 824 686 881 anteponet
713 832 851 878 eam,
886 832 1052 882 quam
1084 832 1207 868 cum
1234 818 1525 869 honestate
1551 819 1827 869 ornatissi-

121 907 291 952 mam,
334 898 448 943 tum
484 894 647 943 etiam
682 894 815 956 ipsis
849 894 1014 944 initiis
1055 898 1282 943 naturae
1324 897 1376 943 et
1416 894 1582 943 totius
1624 893 1826 956 perfec-

54 979 97 1015 10
121 969 270 1018 tione
318 969 464 1018 vitae
513 968 903 1032 locupletatam
950 968 1173 1018 videbit.
1246 968 1396 1031 quod
1450 982 1517 1019 eo
1563 968 1824 1031 liquidius

120 1042 293 1101 faciet,
334 1043 380 1092 si
421 1044 756 1105 perspexerit
798 1057 975 1094 rerum
1022 1044 1157 1093 inter
1202 1057 1296 1094 eas
1342 1042 1710 1094 verborumne
1757 1043 1826 1093 sit

121 1119 505 1168 controversia.

195 1191 371 1242 Huius
407 1206 512 1256 ego
558 1207 705 1244 nunc
738 1195 1115 1244 auctoritatem
1151 1206 1392 1256 sequens
1433 1193 1580 1244 idem
1613 1191 1825 1244 faciam.

119 1272 386 1330 quantum
421 1269 567 1318 enim
595 1274 802 1330 potero,
836 1269 1081 1318 minuam
1109 1270 1491 1319 contentiones
1519 1282 1826 1332 omnesque

0 1397 1 1404 χ
54 1353 96 1388 15
121 1342 398 1404 simplices
441 1345 740 1393 sententias
784 1357 989 1402 eorum,
1033 1344 1087 1393 in
1127 1343 1327 1406 quibus
1368 1342 1520 1392 nulla
1551 1344 1694 1394 inest
1724 1344 1827 1393 vir-

119 1418 247 1467 tutis
281 1417 577 1476 adiunctio,
619 1419 848 1469 omnino
883 1432 916 1468 a
941 1417 1297 1481 philosophia
1331 1412 1704 1469 semovendas
1730 1432 1827 1481 pu-

119 1492 264 1551 tabo,
291 1493 526 1554 primum
545 1491 809 1555 Aristippi
830 1491 1365 1557 Cyrenaicorumque
1393 1494 1655 1552 omnium,
1684 1507 1825 1556 quos

119 1581 232 1618 non
274 1571 356 1617 est
386 1568 620 1618 veritum
654 1569 709 1618 in
744 1582 810 1618 ea
840 1567 1142 1631 voluptate,
1184 1582 1329 1631 quae
1369 1569 1611 1618 maxima
1644 1567 1827 1619 dulce-

119 1641 247 1692 dine
291 1654 516 1692 sensum
561 1647 821 1701 moveret,
875 1657 1153 1693 summurn
1198 1643 1408 1693 bonum
1454 1657 1660 1706 ponere
1701 1657 1828 1694 con-

51 1726 96 1762 20
121 1717 414 1767 temnentis
459 1718 618 1767 istam
652 1719 984 1768 vacuitatem
1019 1717 1239 1768 doloriS.
1304 1718 1359 1767 hi
1404 1732 1516 1768 non
1556 1718 1825 1777 viderunt,
1859 1724 1917 1764 4ο

121 1796 180 1841 ut
211 1792 282 1841 ad
317 1805 534 1842 cursum
562 1806 782 1855 equum,
815 1793 886 1843 ad
913 1792 1178 1842 arandum
1206 1793 1424 1851 bovem,
1458 1792 1528 1842 ad
1563 1793 1827 1857 indagan-

121 1865 252 1916 dum
298 1879 507 1925 canem,
553 1868 632 1917 sic
672 1867 954 1918 hominem
996 1867 1066 1917 ad
1109 1867 1247 1917 duas
1281 1881 1381 1926 reS,
1425 1872 1484 1917 ut
1516 1868 1590 1917 ait
1621 1866 1827 1919 Aristo·

121 1940 272 2000 teleS,
306 1940 377 1991 ad
411 1941 844 2005 intellegendum
879 1947 932 1993 et
957 1942 1251 2006 agendum,
1287 1956 1409 1993 esse
1442 1947 1633 1992 natum
1668 1945 1826 2006 quasi

121 2015 408 2067 mortalem
443 2016 624 2076 deum,
670 2022 970 2080 contraque
1003 2022 1063 2067 ut
1094 2017 1304 2067 tardam
1350 2017 1593 2080 aliquam
1629 2022 1682 2068 et
1714 2018 1827 2068 lan-

52 2101 97 2136 25
122 2090 348 2153 guidam
391 2091 662 2153 pecudem
705 2092 774 2141 ad
818 2097 1035 2154 pastum
1071 2097 1124 2142 et
1163 2092 1233 2141 ad
1276 2092 1599 2154 procreandi
1631 2092 1827 2155 volup-

120 2169 287 2216 tatem
322 2165 428 2217 hoc
470 2165 718 2216 divinum
753 2166 956 2216 animal
991 2172 1168 2216 ortum
1204 2180 1327 2216 esse
1358 2166 1668 2225 voluerunt,
1714 2181 1825 2230 quo

119 2239 252 2290 nihil
293 2240 426 2290 mihi
465 2240 680 2291 videtur
722 2240 1028 2291 absurdius,
1083 2239 1266 2304 Atque
1308 2241 1447 2291 haec
1490 2246 1678 2292 contra
1709 2241 1825 2292 Ari·
1858 2247 1911 2288 41

119 2316 377 2377 stippum‚
412 2317 506 2379 qui
541 2329 664 2365 eam
689 2315 1033 2378 voluptatem
1067 2329 1179 2366 non
1205 2315 1375 2366 modo
1403 2330 1693 2375 summam,
1727 2318 1825 2368 sed

118 2389 295 2440 solam
331 2391 495 2440 etiam
531 2390 693 2449 ducit,
728 2403 894 2453 quam
930 2404 1126 2441 omnes
1160 2404 1329 2440 unam
1355 2390 1706 2453 appellamus
1730 2406 1828 2443 vo-

14 2501 15 2532 3
49 2473 95 2509 3ο
119 2463 398 2526 luptatem.
465 2464 617 2515 aliter
649 2470 834 2515 autem
866 2464 1027 2516 vobis
1061 2464 1254 2527 placet.
1319 2464 1418 2516 sed
1451 2465 1561 2525 ille,
1605 2471 1664 2516 ut
1697 2466 1825 2526 dixi,

117 2539 330 2590 vitiose.
386 2553 490 2590 nec
534 2541 679 2590 enim
725 2539 901 2603 figura
946 2540 1186 2602 corporis
1227 2554 1331 2590 nec
1370 2541 1506 2591 ratio
1549 2541 1824 2592 excellens

118 2613 323 2676 ingenii
371 2614 598 2665 humani
643 2614 916 2678 significat
959 2614 1030 2664 ad
1074 2628 1241 2664 unam
1288 2614 1432 2665 hanc
1475 2630 1588 2666 rem
1634 2621 1823 2666 natum

119 2687 416 2747 hominem,
450 2693 508 2739 ut
540 2689 802 2740 frueretur
832 2688 1227 2751 voluptatibus.
1283 2690 1399 2740 Nec
1430 2704 1562 2740 vero
1597 2690 1826 2741 audien-

1850 1090 1915 1140 13

1861 1162 1918 1202 39

195 2820 249 2861 15
282 2822 536 2862 sententias
569 2822 806 2871 simplices
837 2820 879 2862 A
1010 2819 1147 2872 inest]
1182 2825 1252 2864 est
1283 2822 1367 2863 BE
1501 2822 1555 2862 16
1588 2822 1824 2863 adiunctio

119 2877 328 2930 omnino]
363 2882 554 2922 omnino
588 2882 825 2922 adiunctio
857 2881 892 2921 E
932 2882 1084 2923 omnis
1117 2882 1354 2923 adiunctio
1387 2882 1424 2922 B
1541 2881 1594 2922 17
1629 2883 1821 2932 primum

194 2940 367 2981 bonum
395 2938 587 2991 ponere]
613 2941 822 2982 Macrob.
849 2937 1067 2992 (gramm.
1086 2941 1186 2983 Lat.
1209 2953 1264 2983 ex
1287 2954 1376 2983 rec.
1401 2941 1458 2983 H.
1475 2942 1578 2983 Keil
1600 2942 1634 2983 V
1650 2939 1747 2992 648)

117 2998 175 3040 23
208 2999 586 3050 intellegendum,
612 3011 701 3042 om.
728 3001 802 3048 ad,
827 2999 920 3041 AN
1042 3000 1099 3043 32
1131 3002 1252 3043 hanc
1285 3012 1424 3042 unam
1457 3000 1546 3043 RV

1458 3075 1521 3116 4*
