2046 3138
51 217 79 268 §
107 219 283 260 55—59
406 215 409 218 ’
560 214 646 259 DE
678 213 931 260 FINIBUS
964 212 1114 260 BON.
1149 213 1226 259 ET
1260 212 1412 259 MAL.
1735 220 1835 270 185

141 352 358 411 iectum,
402 351 537 402 nihil
582 351 790 403 humile
833 352 1104 416 cogitant;
1146 357 1411 415 tantaque
1455 357 1540 404 est
1581 351 1668 403 vis
1711 350 1834 402 tali-

141 426 246 477 bus
293 426 349 476 in
399 425 615 485 studiis,
663 432 723 477 ut
769 440 867 478 eos
917 427 1099 484 etiam,
1148 426 1241 490 qui
1290 426 1394 477 sibi
1443 425 1585 477 alios
1629 439 1833 489 propo-

142 505 370 552 suerunt
414 499 558 551 fines
603 500 893 560 bonorum,
938 515 1079 564 quos
1122 500 1359 552 utilitate
1404 506 1501 551 aut
1543 500 1833 563 voluptate

141 575 401 638 dirigunt,
449 579 634 626 tamen
682 576 737 625 in
784 575 949 626 rebus
995 574 1327 638 quaerendis
1375 574 1831 638 explicandisque

94 667 117 700 5
140 649 353 700 naturis
393 654 605 700 aetates
649 655 929 701 conterere
968 650 1278 701 videamus.
1853 673 1915 722 21

212 723 357 787 Ergo
403 723 509 774 hoc
554 723 778 787 quidem
823 729 1071 787 apparet,
1115 738 1219 775 nos
1265 724 1337 775 ad
1382 723 1663 787 agendum
1708 737 1832 774 esse
1867 744 1923 785 58

139 803 317 849 natos.
367 798 647 849 actionum
688 804 874 849 autem
912 812 1117 862 genera
1156 798 1331 862 plura,
1371 803 1432 849 ut
1469 798 1834 849 obscurentur

139 873 305 923 etiam
353 873 571 923 minora
622 873 941 931 maioribus,
987 874 1262 923 maximae
1307 879 1495 924 autem
1545 878 1673 923 sunt
1726 873 1834 935 pri·

139 961 305 1003 mum,
351 952 413 998 ut
458 946 592 997 mihi
639 947 863 1010 quidem
908 947 1130 998 videtur
1175 953 1230 999 et
1273 947 1356 1006 iis,
1404 961 1638 1011 quorum
1684 960 1833 997 nunc

75 1038 117 1074 10
139 1021 194 1071 in
237 1021 450 1072 ratione
492 1035 795 1080 versamur,
838 1021 1208 1073 consideratio
1251 1022 1607 1085 cognitioque
1649 1035 1831 1072 rerum

139 1095 459 1147 caelestium
514 1101 569 1147 et
623 1110 829 1155 earum,
885 1110 1024 1160 quas
1077 1110 1111 1147 a
1164 1101 1364 1147 natura
1417 1095 1723 1147 occultatas
1777 1100 1832 1147 et

138 1169 372 1221 latentes
419 1170 688 1234 indagare
736 1171 877 1222 ratio
926 1176 1125 1234 potest,
1172 1170 1373 1222 deinde
1422 1184 1604 1221 rerum
1652 1169 1832 1233 publi-

138 1258 324 1295 carum
368 1244 776 1296 administratio
821 1251 917 1296 aut
958 1245 1384 1296 administrandi
1428 1245 1670 1303 scientia,
1715 1250 1832 1296 tum

139 1318 399 1381 prudens,
430 1324 751 1383 temperata,
785 1319 962 1378 fortiS,
993 1321 1140 1371 iusta
1168 1320 1309 1370 ratio
1341 1319 1695 1383 reliquaeque
1724 1319 1833 1370 vir-

73 1413 116 1448 15
139 1398 284 1445 tutes
335 1399 390 1445 et
441 1395 688 1445 actiones
738 1394 1037 1445 virtutibus
1089 1399 1472 1457 congruenteS,
1527 1408 1668 1457 quae
1718 1407 1831 1444 uno

137 1467 308 1519 verbo
342 1468 615 1531 complexi
649 1469 837 1520 omnia
867 1468 1167 1520 honesta
1199 1468 1458 1526 dicimus;
1491 1468 1564 1519 ad
1596 1482 1830 1532 quorum

138 1548 192 1593 et
232 1543 605 1606 cognitionem
646 1549 700 1594 et
737 1557 901 1594 usum
939 1544 1050 1594 iam
1092 1542 1432 1594 corroborati
1470 1548 1669 1594 natura
1708 1543 1831 1606 ipsa

139 1623 438 1680 praeeunte
478 1617 819 1669 deducimur.
870 1618 1117 1669 omnium
1155 1618 1301 1668 enim
1339 1631 1519 1668 rerum
1561 1617 1830 1681 principia

139 1705 313 1754 parva
360 1698 502 1750 sunt,
551 1692 649 1743 sed
697 1693 812 1743 suis
859 1692 1346 1755 progressionibus
1393 1706 1497 1743 usa
1541 1697 1830 1755 augentur,

70 1780 239 1822 zonec
284 1767 402 1818 sine
450 1781 643 1825 causa;
688 1768 743 1817 in
789 1768 968 1829 primo
1015 1767 1161 1817 enim
1207 1772 1331 1818 ortu
1378 1767 1521 1818 inest
1565 1766 1830 1818 teneritas

135 1854 200 1890 ac
235 1840 471 1892 mollitia
519 1841 810 1904 quaedam,
860 1846 921 1892 ut
957 1854 1060 1891 nec
1093 1855 1181 1891 res
1216 1840 1407 1892 videre
1449 1841 1692 1903 optimas
1731 1854 1834 1892 nec

138 1927 304 1978 agere
348 1916 580 1978 possint.
646 1916 867 1967 virtutis
920 1915 1067 1966 enim
1120 1915 1426 1978 beataeque
1470 1916 1634 1974 vitae,
1689 1929 1831 1979 quae

140 1989 252 2041 duo
297 1990 538 2041 maxime
584 1989 896 2054 expetenda
941 1995 1084 2048 sunt,
1129 1990 1305 2041 serius
1351 1989 1538 2041 lumen
1582 1996 1831 2054 apparet,

139 2063 315 2115 multo
347 2065 514 2115 etiam
549 2065 742 2123 serius,
774 2069 835 2115 ut
866 2063 1030 2127 plane
1065 2063 1252 2128 qualia
1283 2064 1393 2115 sint
1424 2064 1831 2128 intellegantur.

71 2160 116 2196 z,
137 2138 418 2201 praeclare
450 2139 597 2190 enim
629 2138 813 2190 Plato:
846 2138 1110 2197 ‘Beatum‚
1144 2139 1230 2189 cui
1260 2139 1427 2200 etiam
1460 2139 1514 2189 in
1553 2144 1833 2190 senectute

138 2213 444 2277 contigerit,
485 2219 546 2264 ut
587 2213 918 2276 sapientiam
958 2227 1232 2276 verasque
1276 2213 1570 2276 opiniones
1609 2215 1830 2277 assequi

133 2285 360 2350 'possiti’
404 2287 603 2346 Quare,
637 2288 900 2351 quoniam
935 2287 1004 2338 de
1037 2288 1230 2350 primis
1260 2293 1491 2339 naturae
1524 2288 1833 2339 commodis

138 2362 272 2413 satis
314 2362 521 2414 dictum
561 2368 660 2420 est,
700 2376 848 2413 nunc
888 2362 957 2412 de
993 2362 1299 2421 maioribus
1340 2363 1832 2425 consequentibus-

137 2454 242 2502 que
271 2439 580 2490 videamus.

72 2534 118 2569 30
214 2513 426 2565 Natura
461 2514 630 2578 igitur
666 2527 868 2576 corpus
904 2513 1127 2576 quidem
1162 2513 1403 2565 hominis
1441 2515 1521 2566 sic
1553 2520 1607 2566 et
1641 2516 1833 2578 genuit
1867 2529 1924 2570 59

141 2593 195 2639 et
226 2587 505 2647 formavit,
539 2594 600 2640 ut
631 2588 742 2639 alia
772 2589 827 2638 in
862 2588 1040 2651 primo
1073 2593 1197 2639 ortu
1231 2588 1536 2651 perficeret,
1568 2588 1680 2640 alia
1707 2604 1833 2653 pro-

213 2701 241 2741 8
274 2703 451 2743 minora
483 2699 749 2751 maioribus]
794 2701 1043 2743 maioribus
1084 2702 1336 2742 minoribus
1369 2701 1452 2742 BE
1588 2701 1642 2743 10
1674 2703 1834 2753 cogni-

139 2761 299 2811 tioque
331 2761 372 2802 N
404 2762 675 2811 cognitione
799 2761 852 2801 12
885 2758 1098 2810 latentes]
1133 2761 1339 2802 iacentes
1370 2761 1409 2802 R
1540 2761 1594 2803 13
1625 2762 1834 2809 scientia,

140 2818 251 2870 tum]
286 2821 463 2862 sciendi
496 2831 589 2870 que
621 2817 718 2870 (Edl
751 2831 842 2870 que
874 2822 935 2862 ab
968 2822 1052 2861 alt.
1082 2833 1140 2861 m.
1175 2822 1222 2861 in
1255 2817 1371 2872 ras.)
1411 2821 1452 2861 N
1607 2820 1661 2862 14
1693 2821 1835 2868 fortis,

141 2879 260 2920 iusta
290 2881 414 2921 Μάυ.
455 2880 557 2921 forti
599 2881 637 2921 si
678 2881 798 2921 iusta
832 2879 924 2921 BE
963 2880 1104 2921 fortis.
1146 2880 1193 2921 Si
1233 2881 1353 2921 iusta
1383 2880 1422 2922 R
1460 2881 1588 2922 fortis
1631 2883 1678 2922 et
1715 2881 1836 2922 iusta

142 2934 197 2987 (ἃ
229 2941 277 2980 ἰη
310 2939 351 2981 N
384 2942 445 2981 ab
479 2942 563 2982 alt.
597 2952 655 2981 m.
690 2941 737 2980 in
771 2937 888 2991 ras.)
921 2939 1012 2981 NV
1111 2939 1170 2980 20
1201 2941 1248 2981 in
1282 2941 1428 2990 primo
1536 2940 1658 2982 moll.
1693 2951 1834 2991 quae-

141 2998 246 3040 dam
270 2999 390 3042 Non.
420 3012 468 3051 p.
486 3004 564 3041 495
658 3000 876 3040 teneritas
900 2999 991 3041 NV
1015 2999 1134 3041 Non.
1161 3000 1392 3041 temeritas
1415 2999 1546 3042 BER
1637 3000 1690 3041 21
1720 3001 1835 3042 mol-

141 3057 237 3099 litia
267 3058 350 3099 BE
371 3058 493 3101 Non.
527 3059 741 3100 mollities
771 3059 859 3101 RN
892 3059 1116 3101 mollicies
1146 3059 1188 3101 V
1737 3091 1740 3097 .
