2046 3138
6 191 8 204 Ι
67 136 94 187 §
122 136 299 179 59—64
582 130 668 177 DE
701 129 954 176 FINIBUS
988 127 1138 176 BON.
1173 129 1250 175 ET
1283 128 1435 174 MAL.
1783 133 1846 185 61

154 289 213 325 se
246 275 427 324 virtuti
461 272 635 322 tradat
668 272 1152 336 constringendam
1178 271 1452 334 voluptaS,
1487 270 1584 321 sed
1613 270 1730 320 dies
1765 283 1854 320 me

154 349 384 408 deficiet,
419 352 485 407 et,
520 352 579 397 ut
609 345 785 397 Aulus
818 346 1028 406 VariuS,
1063 348 1156 410 qui
1191 351 1273 396 est
1306 346 1524 396 habitus
1557 345 1724 396 iudex
1758 344 1855 394 du-

153 426 272 483 rior,
318 424 497 474 dicere
531 423 839 473 consessori
882 421 1110 480 solebat,
1153 435 1276 471 cum
1319 421 1459 471 datis
1501 419 1730 471 testibus
1763 419 1854 469 alii

152 504 335 549 tamen
363 499 672 548 citarentur:
709 492 836 547 ‘Aut
870 496 975 547 hoc
999 498 1219 546 testium
1246 497 1376 546 satis
1404 500 1499 554 est,
1532 500 1626 545 aut
1651 496 1855 553 nescio,

104 586 127 619 5
153 574 284 637 quid
319 574 449 623 satis
483 567 584 631 sit,’
621 573 698 621 sic
730 585 763 620 a
796 585 885 621 me
919 573 1049 621 satis
1084 571 1274 620 datum
1310 576 1390 621 est
1415 572 1650 621 testium.
1708 567 1853 624 Quid

151 650 335 700 enim?
389 653 442 698 te
486 649 682 710 ipsum,
725 646 1112 710 dignissimum
1153 646 1452 696 maioribus
1493 646 1615 704 tuiS,
1659 645 1854 707 volup-

151 727 305 773 tasne
338 722 564 780 induxit,
597 726 655 771 ut
688 721 1134 772 adolescentulus
1162 722 1399 783 eriperes
1433 720 1487 771 P.
1515 719 1702 770 Sullae
1729 734 1857 770 con-

150 798 425 848 sulatum?
480 810 646 860 quem
688 810 812 846 cum
846 796 916 846 ad
963 801 1171 858 patrem
1213 801 1368 845 tuum
1403 795 1720 853 rettulisseS,
1755 794 1857 844 for-

150 874 420 923 tissimum
463 873 655 930 virum,
697 871 875 934 qualis
916 871 1006 922 ille
1045 871 1135 921 vel
1182 870 1373 921 consul
1414 869 1503 920 vel
1551 871 1685 919 civis
1732 883 1856 919 cum

87 959 130 994 ιο
155 962 385 1010 semper,
410 952 526 997 tum
554 951 680 1009 post
705 945 1053 996 consulatum
1080 946 1198 996 fuit!
1241 959 1352 1008 quo
1381 945 1606 1008 quidem
1633 949 1857 994 auctore

151 1037 253 1074 nos
298 1023 402 1085 ipsi
443 1035 509 1071 ea
549 1022 838 1085 gessimus,
883 1026 940 1070 ut
981 1021 1238 1071 omnibus
1285 1021 1467 1083 potius
1510 1034 1677 1083 quam
1721 1020 1855 1082 ipsis

151 1097 312 1149 nobis
339 1096 791 1148 consuluerimus,
831 1095 902 1146 At
929 1109 1095 1158 quam
1123 1094 1346 1158 pulchre
1373 1095 1553 1145 dicere
1577 1094 1854 1152 videbare,
1889 1098 1946 1139 63

153 1187 276 1222 cum
311 1186 377 1222 ex
411 1171 579 1222 altera
612 1176 763 1233 parte
798 1171 1047 1233 ponebas
1082 1170 1422 1220 cumulatum
1463 1169 1706 1233 aliquem
1741 1168 1858 1231 plu-

152 1249 300 1298 rimis
335 1251 387 1297 et
419 1247 672 1296 maximis
704 1245 1082 1308 voluptatibus
1124 1245 1276 1295 nullo
1310 1259 1414 1295 nec
1447 1245 1721 1307 praesenti
1755 1257 1859 1293 nec

0 1345 1 1391 3
87 1333 129 1368 15
153 1322 330 1373 futuro
366 1321 571 1379 dolore,
606 1335 671 1371 ex
697 1320 865 1371 altera
897 1325 1080 1370 autem
1108 1320 1434 1369 cruciatibus
1461 1320 1713 1369 maximis
1740 1323 1856 1369 toto

0 1395 1 1399 ’
154 1410 381 1459 corpore
425 1395 576 1445 nulla
620 1409 723 1446 nec
766 1395 1025 1445 adiuncta
1068 1408 1171 1445 nec
1212 1399 1429 1457 sperata
1459 1394 1761 1457 voluptate,
1808 1398 1860 1443 et

153 1471 473 1536 quaerebaS,
507 1472 629 1534 quis
655 1475 749 1519 aut
773 1470 879 1520 hoc
904 1471 1150 1520 miserior
1182 1474 1276 1519 aut
1303 1470 1585 1532 superiore
1611 1468 1704 1519 illo
1732 1468 1860 1518 bea-

152 1548 278 1605 tior;
305 1546 506 1597 deinde
526 1544 897 1596 concludebas
924 1559 1202 1595 summum
1223 1544 1428 1594 malum
1450 1558 1572 1594 esse
1592 1543 1857 1602 dolorem,

0 1675 1 1681 ,
154 1635 432 1672 summum
466 1621 676 1671 bonum
708 1619 1072 1682 voluptatem!

0 1742 2 1752 ,
86 1706 132 1742 20
230 1697 428 1747 Lucius
461 1695 694 1746 Thorius
720 1694 926 1744 Balbus
960 1694 1072 1752 fuit,
1107 1694 1441 1753 Lanuvinus,
1476 1707 1642 1757 quem
1669 1694 1859 1744 memi-
1878 1693 1950 1743 20

0 1764 7 1772 ”
155 1773 303 1822 nisse
335 1776 393 1821 tu
425 1784 538 1821 non
573 1774 745 1832 potes.
802 1770 846 1819 is
880 1771 955 1819 ita
978 1769 1216 1828 vivebat,
1251 1774 1309 1819 ut
1341 1769 1494 1818 nulla
1525 1774 1637 1819 tam
1672 1770 1860 1832 exqui-

155 1847 258 1896 sita
290 1850 479 1909 posset
510 1846 740 1895 inveniri
772 1843 1047 1907 voluptaS,
1080 1858 1191 1908 qua
1223 1858 1336 1895 non
1369 1843 1689 1894 abundaret.
1749 1848 1861 1894 erat

156 1926 208 1971 et
251 1920 484 1984 cupidus
516 1919 863 1982 voluptatum
910 1924 962 1969 et
1006 1920 1123 1969 eius
1174 1920 1390 1982 generis
1435 1918 1762 1982 intellegens
1809 1923 1861 1968 et

157 1996 432 2058 copiosus,
464 1996 538 2045 ita
570 2009 682 2045 non
717 1995 1142 2056 superstitiosus,
1187 1999 1245 2044 ut
1277 1993 1370 2044 illa
1404 1993 1638 2056 plurima
1671 1995 1725 2043 in
1760 2007 1861 2043 sua

0 2105 7 2139 2
87 2079 133 2115 25
158 2071 329 2133 patria
369 2069 632 2120 sacrificia
673 2074 724 2119 et
764 2068 891 2118 iana
932 2074 1318 2126 contemneret,
1367 2070 1441 2118 ita
1481 2082 1594 2119 non
1637 2067 1861 2118 timidus

160 2145 230 2195 ad
263 2149 510 2202 mortem,
544 2148 603 2193 ut
634 2144 689 2193 in
723 2144 840 2193 acie
874 2144 942 2192 sit
975 2143 1046 2193 ob
1080 2157 1194 2193 rem
1230 2142 1507 2205 publicam
1534 2142 1861 2194 interiectus,

157 2219 481 2283 cupiditates
506 2232 619 2269 non
645 2217 859 2280 Epicuri
886 2217 1159 2268 divisione
1185 2217 1425 2276 finiebat,
1451 2217 1550 2267 sed
1577 2231 1678 2267 sua
1703 2218 1862 2268 satie·
1896 2229 1953 2270 64

156 2300 280 2345 tate.
337 2293 578 2344 habebat
610 2298 794 2343 tamen
827 2293 1095 2342 rationem
1128 2291 1470 2343 valitudinis:
1512 2292 1764 2342 utebatur
1798 2293 1863 2342 iis

158 2368 652 2425 exercitationibus
687 2372 745 2416 ut
777 2366 848 2416 ad
875 2380 1069 2417 cenam
1105 2372 1157 2416 et
1189 2367 1378 2417 sitiens
1414 2371 1467 2417 et
1500 2368 1745 2417 esuriens
1772 2381 1865 2417 ve-

88 2453 134 2488 30
158 2446 308 2503 niret,
343 2457 409 2494 eo
445 2443 584 2501 cibo,
617 2443 710 2506 qui
746 2446 799 2492 et
831 2442 1193 2491 suavissimus
1229 2446 1375 2492 esset
1412 2447 1465 2492 et
1496 2441 1644 2492 idem
1678 2442 1864 2492 facilli-

158 2533 281 2568 mus
322 2518 392 2568 ad
435 2515 913 2580 concoquendum,
952 2516 1084 2567 vino
1128 2521 1180 2566 et
1220 2516 1291 2566 ad
1323 2516 1666 2580 voluptatem
1710 2522 1762 2567 et
1795 2530 1865 2567 ne

161 2598 396 2644 noceret.
453 2597 631 2643 cetera
655 2590 748 2641 illa
772 2590 1086 2649 adhibebat,
1121 2591 1323 2654 quibus
1350 2591 1587 2654 demptis
1613 2596 1780 2654 negat
1805 2605 1865 2642 se

233 2710 259 2751 2
293 2711 478 2751 habitus
511 2712 581 2751 est
612 2708 694 2749 BE
809 2708 835 2749 3
871 2708 1126 2750 confessori
1151 2708 1331 2751 BERV
1363 2710 1544 2750 censori
1577 2707 1618 2748 N
1734 2708 1761 2748 8
1796 2719 1862 2749 re-

158 2771 342 2812 tulisses
496 2769 549 2810 13
583 2769 784 2819 aliquem
828 2768 1107 2809 cumulatum
1141 2767 1224 2810 BE
1379 2768 1432 2808 17
1467 2769 1752 2809 miseriorum
1786 2770 1864 2808 aut

159 2830 241 2871 BE
386 2830 642 2870 beatiorum
675 2827 758 2869 BE
792 2828 998 2870 beatiore
1030 2828 1067 2870 R
1203 2827 1260 2868 22
1293 2828 1508 2878 voluptas
1542 2830 1703 2879 posset
1735 2828 1862 2868 inve-

160 2889 244 2930 niri
276 2888 359 2930 BE
496 2887 552 2929 28
586 2888 809 2929 rationem
850 2889 954 2929 edd.
998 2888 1174 2928 ratione
1319 2888 1375 2928 iis
1408 2888 1513 2929 edd.
1546 2887 1618 2929 his
1650 2886 1740 2928 AR
1779 2887 1864 2939 hys

161 2977 244 3019 BE
276 2978 364 3029 hijs
395 2977 488 3019 NV
609 2977 661 3019 31
699 2950 1061 3028 οοηιῖᾳυειιᾱυηι
1095 2977 1135 3017 Ν
1168 2977 1464 3027 coquendum
1497 2975 1630 3018 BEV
1675 2984 1694 3003 ‘
