2046 3138
0 124 204 170 ÷62—67
445 136 447 138 ·
486 117 571 166 DE
604 114 857 161 FINIBUS
892 113 1041 161 BON.
1076 113 1154 159 ΕΤ
1188 112 1341 159 MAL.
1666 118 1767 168 115

67 274 189 313 esse
224 259 451 322 patriam
478 271 644 321 quam
670 261 888 307 nosmet
914 257 1080 318 ipsos.
1139 256 1516 319 quoniamque
1542 252 1640 303 illa
1658 266 1769 302 vox

66 335 368 385 inhumana
412 338 464 383 et
508 331 772 382 scelerata
818 331 1029 381 ducitur
1074 344 1278 389 eorum,
1324 330 1417 393 qui
1458 331 1664 392 negant
1708 341 1769 377 se

67 423 315 460 recusare
349 422 460 471 quo
494 407 676 456 minus
702 406 835 468 ipsis
862 406 1088 456 mortuis
1116 410 1374 455 terrarum
1402 401 1769 454 omnium-de-

67 484 314 547 flagratio
357 485 723 544 consequatur
764 504 834 512 —
877 479 1027 542 quod
1067 478 1280 542 vulgari
1321 477 1566 542 quodam
1606 490 1770 528 versu

19 572 42 606 5
69 558 278 610 Graeco
313 557 647 621 pronuntiari
680 554 822 606 solet
854 579 939 613 —,
974 559 1118 604 certe
1150 568 1341 604 verum
1377 557 1458 603 est
1492 553 1655 604 etiam
1690 551 1771 610 iis,

69 635 161 696 qui
196 631 494 696 aliquando
529 630 689 681 futuri
723 630 844 687 sint,
887 642 1010 679 esse
1043 633 1262 691 propter
1294 629 1446 691 ipsos
1482 626 1770 678 consulen-

68 708 214 758 dum.
265 721 330 757 ex
356 707 459 757 hac
485 706 791 756 animorum
819 703 1111 754 affectione
1137 707 1466 753 testamenta
1492 715 1770 752 commen-

67 783 431 845 dationesque
464 779 813 831 morientium
847 783 1011 828 natae
1037 782 1176 828 sunt.
1234 777 1497 840 quodque
1523 789 1689 827 nemo
1715 776 1770 825 in

67 871 284 907 summa
327 854 624 907 solitudine
667 855 837 904 vitam
886 866 1050 916 agere
1093 852 1226 902 velit
1273 866 1344 902 ne
1391 866 1514 902 cum
1561 851 1774 900 infinita

3 945 46 981 ιο
71 931 295 995 quidem
327 930 675 993 voluptatum
710 928 1063 986 abundantia,
1109 926 1266 977 facile
1307 926 1637 989 intellegitur
1669 939 1773 976 nos

68 1006 138 1056 ad
173 1006 624 1057 coniunctionem·
661 1004 1260 1066 congregationemque
1302 1001 1590 1052 hominum
1625 1004 1678 1050 et
1703 999 1773 1049 ad

67 1081 371 1132 naturalem
398 1080 850 1131 communitatem
877 1091 1000 1128 esse
1025 1081 1200 1127 natos,
1248 1075 1562 1139 Inpellimur
1588 1079 1772 1130 autem

68 1160 360 1215 natura,‚ut
385 1154 650 1218 prodesse
675 1152 912 1204 velimus
932 1165 1099 1215 quam
1128 1151 1374 1214 plurimis
1393 1151 1447 1200 in
1475 1150 1775 1214 primisque

70 1230 324 1282 docendo
373 1229 790 1291 rationibusque
843 1227 1166 1290 prudentiae
1218 1225 1514 1276 tradendiS.
1589 1226 1774 1287 itaque

4 1319 47 1354 15
71 1319 183 1356 non
217 1305 374 1355 facile
409 1309 491 1355 est
523 1304 769 1354 invenire
811 1303 904 1365 qui
938 1301 1088 1365 quod
1134 1301 1271 1351 sciat
1300 1301 1422 1363 ipse
1454 1313 1568 1351 non
1600 1298 1777 1357 tradat

69 1380 242 1439 alteri;
287 1381 362 1430 ita
404 1393 517 1430 non
563 1378 743 1430 solum
784 1376 855 1427 ad
897 1375 1222 1427 discendum
1268 1375 1527 1438 propensi
1570 1387 1775 1431 sumuS,

66 1469 256 1505 verum
303 1455 467 1505 etiam
511 1453 582 1505 ad
636 1451 966 1507 docendum.
1039 1450 1222 1514 Atque
1270 1455 1330 1500 ut
1372 1450 1542 1500 tauris·
1583 1453 1776 1499 natura

69 1529 257 1580 datum
292 1534 374 1579 est
414 1533 473 1579 ut
513 1542 610 1591 pro
642 1526 828 1578 vitulis
869 1531 1057 1578 contra
1098 1526 1291 1576 leones
1332 1525 1637 1577 summavi
1679 1524 1776 1573 im-

70 1610 312 1667 petuque
345 1603 695 1661 contendant,
736 1602 814 1652 sic
847 1602 898 1660 ii,
939 1602 1032 1664 qui
1064 1600 1252 1651 valent
1285 1599 1485 1662 opibus
1520 1602 1686 1661 atque
1719 1597 1775 1647 id

0 1691 46 1727 20
71 1679 248 1729 facere
281 1682 527 1741 possunt,
564 1682 624 1728 ut
656 1677 726 1728 de
760 1675 992 1746 Hercule
1026 1680 1079 1726 et
1112 1675 1182 1726 de
1216 1674 1410 1725 Libero
1444 1673 1775 1736 accepimuS,

70 1753 140 1803 ad
166 1753 498 1804 servandum
524 1765 701 1816 genus
727 1751 1015 1802 hominum
1033 1755 1227 1800 natura
1244 1750 1547 1799 incitantur.
1591 1746 1775 1810 Atque

71 1829 234 1878 etiam
267 1827 455 1879 Iovem
483 1841 606 1877 cum
635 1824 919 1889 Optimum
946 1830 1000 1876 et
1025 1817 1329 1875 Maximum
1356 1823 1591 1874 dicimus
1628 1836 1776 1880 cum-

69 1917 178 1966 que
213 1902 452 1953 eundem
487 1901 806 1959 Salutarem,
840 1899 1200 1963 Hospitalem‚
1235 1898 1523 1956 Statorem,
1558 1897 1665 1948 hoc
1698 1897 1776 1946 in-

68 1977 253 2041 tellegi
286 1977 560 2036 volumus,
594 1976 827 2026 salutern
861 1975 1148 2026 hominum
1182 1975 1237 2024 in
1272 1975 1390 2024 eius
1426 1986 1549 2023 esse
1591 1971 1774 2022 tutela.

0 2064 46 2101 25
70 2053 295 2103 minime
336 2056 520 2108 autem
555 2051 827 2109 convenit,
869 2064 993 2100 cum
1033 2050 1153 2113 ipsi.
1182 2050 1319 2099 inter
1359 2062 1463 2099 nos
1502 2046 1642 2097 viles
1684 2059 1777 2096 ne-

70 2126 344 2190 glectique
377 2127 563 2185 simuS,
605 2125 884 2190 postulare
916 2129 975 2175 ut
1008 2124 1111 2174 diis
1145 2122 1526 2174 inmortalibus
1569 2122 1675 2171 cari
1709 2121 1778 2170 si-

69 2216 191 2252 mus
218 2206 271 2252 et
303 2201 372 2251 ab
406 2202 471 2251 iis
497 2200 802 2264 diligamur.
860 2198 1039 2255 Quem
1067 2198 1137 2248 ad
1165 2197 1394 2248 modum
1422 2197 1582 2259 igitur
1607 2190 1777 2245 mem-

71 2276 178 2326 bris
213 2277 413 2327 utimur
438 2276 601 2338 priuS‚
635 2288 801 2338 quarn
829 2273 1136 2331 didicimuS,
1171 2272 1325 2322 cuius
1354 2285 1419 2321 ea
1446 2283 1613 2320 causa
1638 2269 1777 2320 utili-

70 2352 194 2401 tatis
235 2351 555 2409 habeamuS,
599 2350 677 2400 sic
718 2350 855 2399 inter
895 2362 999 2398 nos
1039 2351 1234 2397 natura
1274 2346 1344 2395 ad
1379 2344 1595 2396 civilem
1631 2358 1777 2395 com-

3 2436 50 2473 ao
72 2425 394 2475 munitatem
428 2425 703 2476 coniuncti
737 2428 790 2474 et
823 2422 1124 2489 consociati
1158 2435 1364 2471 sumus,
1429 2419 1579 2483 quod
1613 2420 1668 2469 ni
1702 2419 1777 2469 ita

71 2514 132 2550 se
165 2499 403 2558 haberet,
437 2513 540 2549 nec
572 2498 808 2548 iustitiae
843 2496 986 2546 ullus
1021 2500 1167 2546 esset
1198 2509 1301 2545 nec
1341 2495 1571 2545 bonitati
1606 2493 1775 2544 locus,

71 2573 134 2624 Et
159 2588 269 2637 quo
296 2573 465 2624 modo
493 2573 779 2624 hominum
806 2572 943 2622 inter
968 2571 1222 2622 homines
1248 2570 1376 2620 iuris
1404 2583 1526 2620 esse
1551 2567 1774 2618 vincula

71 2653 278 2711 putant,
319 2649 398 2698 sic
437 2647 648 2699 homini
689 2645 823 2696 nihil
864 2646 992 2695 iuris
1037 2659 1161 2695 esse
1195 2659 1319 2699 cum
1353 2644 1558 2694 bestiis,
1623 2656 1775 2705 prae-

71 2722 212 2774 clare
239 2723 384 2773 enim
406 2721 756 2786 ChrysippuS‚
783 2724 962 2771 cetera
986 2724 1116 2770 nata
1142 2733 1265 2769 esse
1292 2719 1580 2769 hominum
1608 2731 1775 2768 causa

146 2898 167 2939 1
204 2895 536 2950 quoniamque]
572 2896 761 2949 queque
792 2897 830 2939 R
969 2896 1024 2938 19
1057 2898 1087 2938 il
1119 2898 1225 2939 edd.
1258 2897 1306 2937 hi
1443 2895 1501 2936 25
1525 2872 1652 2937 *viles
1684 2881 1776 2937 NV

71 2958 198 2999 cules
229 2957 271 2999 Α
303 2959 432 3000 eules
464 2958 502 3000 R
534 2958 692 2999 civiles
725 2957 807 2998 BE
929 2957 986 2999 32
1020 2953 1090 3006 Et]
1126 2956 1219 2998 Sed
1250 2956 1375 2997 Mdv.

1448 3030 1498 3071 8*

1789 670 1861 719 20

1805 742 1861 782 65

1808 1228 1865 1269 66

1806 2573 1863 2614 67
