<?xml version="1.0" encoding="UTF-8"?>
<!DOCTYPE html PUBLIC "-//W3C//DTD XHTML 1.0 Transitional//EN"
    "http://www.w3.org/TR/xhtml1/DTD/xhtml1-transitional.dtd">
<html xmlns="http://www.w3.org/1999/xhtml" xml:lang="en" lang="en">
 <head>
  <title>
</title>
<meta http-equiv="Content-Type" content="text/html;charset=utf-8" />
  <meta name='ocr-system' content='tesseract 3.04.00' />
  <meta name='ocr-capabilities' content='ocr_page ocr_carea ocr_par ocr_line ocrx_word'/>
</head>
<body>
  <div class='ocr_page' id='page_1' title='image "./p1scriptaquaeman13ciceuoft_0064.png"; bbox 0 0 2046 3138; ppageno 0'>
   <div class='ocr_carea' id='block_1_1' title="bbox 88 1388 142 1429">
    <p class='ocr_par' dir='ltr' id='par_1_1' title="bbox 88 1388 142 1429">
     <span class='ocr_line' id='line_1_1' title="bbox 88 1388 142 1429; baseline 0.019 -1"><span class='ocrx_word' id='word_1_1' title='bbox 88 1388 142 1429; x_wconf 90' lang='grc'>25</span> 
     </span>
    </p>
   </div>
   <div class='ocr_carea' id='block_1_2' title="bbox 176 151 1954 211">
    <p class='ocr_par' dir='ltr' id='par_1_2' title="bbox 176 151 1954 211">
     <span class='ocr_line' id='line_1_2' title="bbox 176 151 1954 211; baseline -0.001 -12"><span class='ocrx_word' id='word_1_2' title='bbox 176 160 247 211; x_wconf 81' lang='lat'>44</span> <span class='ocrx_word' id='word_1_3' title='bbox 600 154 684 199; x_wconf 83' lang='lat' dir='ltr'>DE</span> <span class='ocrx_word' id='word_1_4' title='bbox 717 151 970 199; x_wconf 78' lang='lat' dir='ltr'>FINIBUS</span> <span class='ocrx_word' id='word_1_5' title='bbox 1004 151 1154 199; x_wconf 86' lang='lat' dir='ltr'>BON.</span> <span class='ocrx_word' id='word_1_6' title='bbox 1188 153 1265 198; x_wconf 85' lang='lat' dir='ltr'>ET</span> <span class='ocrx_word' id='word_1_7' title='bbox 1299 152 1450 199; x_wconf 83' lang='lat' dir='ltr'><strong>MAL.</strong></span> <span class='ocrx_word' id='word_1_8' title='bbox 1624 157 1954 199; x_wconf 55' lang='lat' dir='ltr'>manas-9</span> 
     </span>
    </p>
   </div>
   <div class='ocr_carea' id='block_1_3' title="bbox 323 292 1867 493">
    <p class='ocr_par' dir='ltr' id='par_1_3' title="bbox 323 292 1867 493">
     <span class='ocr_line' id='line_1_3' title="bbox 325 292 1864 357; baseline -0.001 -12"><span class='ocrx_word' id='word_1_9' title='bbox 325 294 371 346; x_wconf 94' lang='grc' dir='ltr'>Ο</span> <span class='ocrx_word' id='word_1_10' title='bbox 399 295 633 357; x_wconf 88' lang='lat' dir='ltr'>lapathe,</span> <span class='ocrx_word' id='word_1_11' title='bbox 667 298 724 343; x_wconf 95' lang='lat' dir='ltr'>ut</span> <span class='ocrx_word' id='word_1_12' title='bbox 756 294 968 352; x_wconf 86' lang='lat' dir='ltr'>iactare,</span> <span class='ocrx_word' id='word_1_13' title='bbox 1002 306 1104 344; x_wconf 93' lang='lat' dir='ltr'>nec</span> <span class='ocrx_word' id='word_1_14' title='bbox 1133 297 1191 343; x_wconf 84' lang='lat' dir='ltr'>e&#39;s</span> <span class='ocrx_word' id='word_1_15' title='bbox 1218 294 1348 343; x_wconf 91' lang='lat' dir='ltr'>satis</span> <span class='ocrx_word' id='word_1_16' title='bbox 1380 292 1617 356; x_wconf 90' lang='lat' dir='ltr'>cognitu’</span> <span class='ocrx_word' id='word_1_17' title='bbox 1651 295 1743 356; x_wconf 89' lang='lat' dir='ltr'>qui</span> <span class='ocrx_word' id='word_1_18' title='bbox 1770 295 1864 344; x_wconf 90' lang='lat' dir='ltr'>sis!</span> 
     </span>
     <span class='ocr_line' id='line_1_4' title="bbox 323 361 1867 493; baseline 0 -74"><span class='ocrx_word' id='word_1_19' title='bbox 323 370 379 419; x_wconf 93' lang='lat' dir='ltr'>In</span> <span class='ocrx_word' id='word_1_20' title='bbox 421 383 531 431; x_wconf 92' lang='lat' dir='ltr'>quo</span> <span class='ocrx_word' id='word_1_21' title='bbox 573 361 846 432; x_wconf 90' lang='lat' dir='ltr'>[cognitu]</span> <span class='ocrx_word' id='word_1_22' title='bbox 886 367 1102 418; x_wconf 90' lang='lat' dir='ltr'>Laelius</span> <span class='ocrx_word' id='word_1_23' title='bbox 1137 367 1402 419; x_wconf 90' lang='lat' dir='ltr'>clamores</span> <span class='ocrx_word' id='word_1_24' title='bbox 1436 362 1612 493; x_wconf 55' lang='grc' dir='ltr'><strong>(ἷέζὲῐς</strong></span> <span class='ocrx_word' id='word_1_25' title='bbox 1651 367 1740 418; x_wconf 91' lang='lat' dir='ltr'>ille</span> <span class='ocrx_word' id='word_1_26' title='bbox 1781 382 1867 419; x_wconf 91' lang='lat' dir='ltr'>so-</span> 
     </span>
    </p>
   </div>
   <div class='ocr_carea' id='block_1_4' title="bbox 175 516 1937 670">
    <p class='ocr_par' dir='ltr' id='par_1_4' title="bbox 175 516 1937 670">
     <span class='ocr_line' id='line_1_5' title="bbox 322 516 1703 580; baseline -0.001 -12"><span class='ocrx_word' id='word_1_27' title='bbox 322 518 494 568; x_wconf 92' lang='lat' dir='ltr'>Edere</span> <span class='ocrx_word' id='word_1_28' title='bbox 527 516 866 580; x_wconf 91' lang='lat' dir='ltr'>compellans</span> <span class='ocrx_word' id='word_1_29' title='bbox 900 517 1116 580; x_wconf 84' lang='lat' dir='ltr'>gumias</span> <span class='ocrx_word' id='word_1_30' title='bbox 1150 531 1215 567; x_wconf 88' lang='lat' dir='ltr'>ex</span> <span class='ocrx_word' id='word_1_31' title='bbox 1249 517 1440 568; x_wconf 88' lang='lat' dir='ltr'>ordine</span> <span class='ocrx_word' id='word_1_32' title='bbox 1472 522 1703 568; x_wconf 64' lang='lat' dir='ltr'>nostros„</span> 
     </span>
     <span class='ocr_line' id='line_1_6' title="bbox 175 602 1937 670; baseline -0.003 -13"><span class='ocrx_word' id='word_1_33' title='bbox 175 607 450 670; x_wconf 91' lang='lat' dir='ltr'>praeclare</span> <span class='ocrx_word' id='word_1_34' title='bbox 483 607 714 665; x_wconf 82' lang='lat' dir='ltr'>LaeliuS,</span> <span class='ocrx_word' id='word_1_35' title='bbox 749 611 801 656; x_wconf 92' lang='lat' dir='ltr'>et</span> <span class='ocrx_word' id='word_1_36' title='bbox 832 611 975 657; x_wconf 92' lang='lat' dir='ltr'>recte</span> <span class='ocrx_word' id='word_1_37' title='bbox 1009 602 1198 669; x_wconf 83' lang='grc' dir='ltr'><em>σοφός,</em></span> <span class='ocrx_word' id='word_1_38' title='bbox 1232 606 1477 669; x_wconf 85' lang='lat' dir='ltr'>illudque</span> <span class='ocrx_word' id='word_1_39' title='bbox 1508 620 1657 657; x_wconf 88' lang='lat' dir='ltr'>vere:</span> <span class='ocrx_word' id='word_1_40' title='bbox 1914 617 1937 652; x_wconf 89' lang='lat'>5</span> 
     </span>
    </p>
   </div>
   <div class='ocr_carea' id='block_1_5' title="bbox 324 694 1870 909">
    <p class='ocr_par' dir='ltr' id='par_1_5' title="bbox 324 694 1870 909">
     <span class='ocr_line' id='line_1_7' title="bbox 324 694 1869 759; baseline -0.001 -12"><span class='ocrx_word' id='word_1_41' title='bbox 324 695 370 747; x_wconf 93' lang='lat' dir='ltr'>O</span> <span class='ocrx_word' id='word_1_42' title='bbox 397 696 568 756; x_wconf 91' lang='lat' dir='ltr'>Publi,</span> <span class='ocrx_word' id='word_1_43' title='bbox 595 711 628 747; x_wconf 96' lang='lat' dir='ltr'>o</span> <span class='ocrx_word' id='word_1_44' title='bbox 655 709 870 759; x_wconf 86' lang='lat' dir='ltr'>gurgeS,</span> <span class='ocrx_word' id='word_1_45' title='bbox 905 694 1144 746; x_wconf 82' lang='lat' dir='ltr'>Galloni!</span> <span class='ocrx_word' id='word_1_46' title='bbox 1184 710 1242 746; x_wconf 90' lang='lat' dir='ltr'>es</span> <span class='ocrx_word' id='word_1_47' title='bbox 1269 696 1437 746; x_wconf 90' lang='lat' dir='ltr'>homo</span> <span class='ocrx_word' id='word_1_48' title='bbox 1471 697 1647 754; x_wconf 91' lang='lat' dir='ltr'>miser,</span> <span class='ocrx_word' id='word_1_49' title='bbox 1681 697 1869 758; x_wconf 88' lang='lat' dir='ltr'>inquit.</span> 
     </span>
     <span class='ocr_line' id='line_1_8' title="bbox 327 770 1870 834; baseline -0.002 -12"><span class='ocrx_word' id='word_1_50' title='bbox 327 770 544 822; x_wconf 84' lang='lat' dir='ltr'>Cenasti</span> <span class='ocrx_word' id='word_1_51' title='bbox 579 772 633 820; x_wconf 94' lang='lat' dir='ltr'>in</span> <span class='ocrx_word' id='word_1_52' title='bbox 657 771 771 820; x_wconf 92' lang='lat' dir='ltr'>vita</span> <span class='ocrx_word' id='word_1_53' title='bbox 802 784 1104 834; x_wconf 82' lang='lat' dir='ltr'><strong>numquam</strong></span> <span class='ocrx_word' id='word_1_54' title='bbox 1132 771 1289 829; x_wconf 92' lang='lat' dir='ltr'>bene,</span> <span class='ocrx_word' id='word_1_55' title='bbox 1324 785 1447 820; x_wconf 93' lang='lat' dir='ltr'>cum</span> <span class='ocrx_word' id='word_1_56' title='bbox 1475 771 1661 826; x_wconf 88' lang='lat' dir='ltr'>omnia</span> <span class='ocrx_word' id='word_1_57' title='bbox 1687 771 1742 819; x_wconf 92' lang='lat' dir='ltr'>in</span> <span class='ocrx_word' id='word_1_58' title='bbox 1768 771 1870 820; x_wconf 90' lang='lat' dir='ltr'>ista</span> 
     </span>
     <span class='ocr_line' id='line_1_9' title="bbox 327 844 1868 909; baseline -0.002 -12"><span class='ocrx_word' id='word_1_59' title='bbox 327 845 618 897; x_wconf 87' lang='lat' dir='ltr'>Consumis</span> <span class='ocrx_word' id='word_1_60' title='bbox 645 844 844 909; x_wconf 89' lang='lat' dir='ltr'>squilla</span> <span class='ocrx_word' id='word_1_61' title='bbox 869 849 1034 908; x_wconf 89' lang='lat' dir='ltr'>atque</span> <span class='ocrx_word' id='word_1_62' title='bbox 1060 859 1396 907; x_wconf 84' lang='lat' dir='ltr'>acupensere</span> <span class='ocrx_word' id='word_1_63' title='bbox 1415 859 1537 895; x_wconf 92' lang='lat' dir='ltr'>curn</span> <span class='ocrx_word' id='word_1_64' title='bbox 1565 845 1868 895; x_wconf 88' lang='lat' dir='ltr'>decimano.</span> 
     </span>
    </p>
   </div>
   <div class='ocr_carea' id='block_1_6' title="bbox 170 934 1939 2338">
    <p class='ocr_par' dir='ltr' id='par_1_6' title="bbox 170 934 1939 2338">
     <span class='ocr_line' id='line_1_10' title="bbox 176 934 1871 998; baseline -0.002 -12"><span class='ocrx_word' id='word_1_65' title='bbox 176 937 219 986; x_wconf 88' lang='lat' dir='ltr'>is</span> <span class='ocrx_word' id='word_1_66' title='bbox 261 937 397 986; x_wconf 92' lang='lat' dir='ltr'>haec</span> <span class='ocrx_word' id='word_1_67' title='bbox 437 936 689 998; x_wconf 88' lang='lat' dir='ltr'>loquitur,</span> <span class='ocrx_word' id='word_1_68' title='bbox 735 935 827 997; x_wconf 90' lang='lat' dir='ltr'>qui</span> <span class='ocrx_word' id='word_1_69' title='bbox 869 935 923 984; x_wconf 93' lang='lat' dir='ltr'>in</span> <span class='ocrx_word' id='word_1_70' title='bbox 962 934 1246 997; x_wconf 91' lang='lat' dir='ltr'>voluptate</span> <span class='ocrx_word' id='word_1_71' title='bbox 1286 934 1418 984; x_wconf 91' lang='lat' dir='ltr'>nihil</span> <span class='ocrx_word' id='word_1_72' title='bbox 1460 948 1673 997; x_wconf 90' lang='lat' dir='ltr'>ponens</span> <span class='ocrx_word' id='word_1_73' title='bbox 1706 939 1871 997; x_wconf 89' lang='lat' dir='ltr'>negat</span> 
     </span>
     <span class='ocr_line' id='line_1_11' title="bbox 177 1008 1939 1072; baseline -0.004 -12"><span class='ocrx_word' id='word_1_74' title='bbox 177 1025 301 1061; x_wconf 92' lang='lat' dir='ltr'>eum</span> <span class='ocrx_word' id='word_1_75' title='bbox 336 1011 478 1061; x_wconf 92' lang='lat' dir='ltr'>bene</span> <span class='ocrx_word' id='word_1_76' title='bbox 512 1024 721 1068; x_wconf 86' lang='lat' dir='ltr'>cenare,</span> <span class='ocrx_word' id='word_1_77' title='bbox 756 1009 848 1072; x_wconf 94' lang='lat' dir='ltr'>qui</span> <span class='ocrx_word' id='word_1_78' title='bbox 876 1010 1063 1060; x_wconf 91' lang='lat' dir='ltr'>omnia</span> <span class='ocrx_word' id='word_1_79' title='bbox 1094 1014 1265 1072; x_wconf 89' lang='lat' dir='ltr'>ponat</span> <span class='ocrx_word' id='word_1_80' title='bbox 1298 1010 1351 1058; x_wconf 93' lang='lat' dir='ltr'>in</span> <span class='ocrx_word' id='word_1_81' title='bbox 1377 1008 1676 1071; x_wconf 87' lang='lat' dir='ltr'>voluptate,</span> <span class='ocrx_word' id='word_1_82' title='bbox 1711 1014 1762 1059; x_wconf 93' lang='lat' dir='ltr'>et</span> <span class='ocrx_word' id='word_1_83' title='bbox 1794 1014 1870 1058; x_wconf 85' lang='lat' dir='ltr'>ta·</span> <span class='ocrx_word' id='word_1_84' title='bbox 1896 1019 1939 1053; x_wconf 91' lang='lat'>10</span> 
     </span>
     <span class='ocr_line' id='line_1_12' title="bbox 174 1082 1868 1148; baseline -0.002 -13"><span class='ocrx_word' id='word_1_85' title='bbox 174 1099 299 1136; x_wconf 91' lang='lat' dir='ltr'>men</span> <span class='ocrx_word' id='word_1_86' title='bbox 326 1099 438 1136; x_wconf 94' lang='lat' dir='ltr'>non</span> <span class='ocrx_word' id='word_1_87' title='bbox 464 1089 631 1148; x_wconf 90' lang='lat' dir='ltr'>negat</span> <span class='ocrx_word' id='word_1_88' title='bbox 656 1084 885 1134; x_wconf 87' lang='lat' dir='ltr'>libenter</span> <span class='ocrx_word' id='word_1_89' title='bbox 912 1097 1139 1134; x_wconf 89' lang='lat' dir='ltr'>cenasse</span> <span class='ocrx_word' id='word_1_90' title='bbox 1165 1097 1429 1146; x_wconf 88' lang='lat' dir='ltr'>umquam</span> <span class='ocrx_word' id='word_1_91' title='bbox 1457 1082 1771 1134; x_wconf 88' lang='lat' dir='ltr'>Gallonium</span> <span class='ocrx_word' id='word_1_92' title='bbox 1800 1108 1868 1114; x_wconf 91' lang='lat'>—-—</span> 
     </span>
     <span class='ocr_line' id='line_1_13' title="bbox 174 1158 1871 1221; baseline -0.002 -11"><span class='ocrx_word' id='word_1_93' title='bbox 174 1161 487 1210; x_wconf 86' lang='lat' dir='ltr'>mentiretur</span> <span class='ocrx_word' id='word_1_94' title='bbox 528 1160 673 1210; x_wconf 92' lang='lat' dir='ltr'>enim</span> <span class='ocrx_word' id='word_1_95' title='bbox 708 1184 793 1217; x_wconf 89' lang='lat'>—,</span> <span class='ocrx_word' id='word_1_96' title='bbox 836 1158 933 1208; x_wconf 90' lang='lat' dir='ltr'>sed</span> <span class='ocrx_word' id='word_1_97' title='bbox 975 1159 1132 1208; x_wconf 93' lang='lat' dir='ltr'>bene.</span> <span class='ocrx_word' id='word_1_98' title='bbox 1200 1159 1274 1207; x_wconf 93' lang='lat' dir='ltr'>ita</span> <span class='ocrx_word' id='word_1_99' title='bbox 1314 1159 1548 1221; x_wconf 90' lang='lat' dir='ltr'>graviter</span> <span class='ocrx_word' id='word_1_100' title='bbox 1590 1163 1642 1208; x_wconf 91' lang='lat' dir='ltr'>et</span> <span class='ocrx_word' id='word_1_101' title='bbox 1681 1171 1871 1208; x_wconf 91' lang='lat' dir='ltr'>severe</span> 
     </span>
     <span class='ocr_line' id='line_1_14' title="bbox 173 1232 1870 1297; baseline -0.002 -13"><span class='ocrx_word' id='word_1_102' title='bbox 173 1234 514 1297; x_wconf 91' lang='lat' dir='ltr'>voluptatem</span> <span class='ocrx_word' id='word_1_103' title='bbox 549 1234 780 1284; x_wconf 91' lang='lat' dir='ltr'>secreuit</span> <span class='ocrx_word' id='word_1_104' title='bbox 814 1246 846 1282; x_wconf 91' lang='lat' dir='ltr'>a</span> <span class='ocrx_word' id='word_1_105' title='bbox 878 1233 1043 1283; x_wconf 92' lang='lat' dir='ltr'>bono.</span> <span class='ocrx_word' id='word_1_106' title='bbox 1101 1246 1166 1282; x_wconf 88' lang='lat' dir='ltr'>ex</span> <span class='ocrx_word' id='word_1_107' title='bbox 1201 1246 1310 1295; x_wconf 91' lang='lat' dir='ltr'>quo</span> <span class='ocrx_word' id='word_1_108' title='bbox 1338 1232 1470 1282; x_wconf 93' lang='lat' dir='ltr'>illud</span> <span class='ocrx_word' id='word_1_109' title='bbox 1506 1232 1744 1290; x_wconf 79' lang='lat' dir='ltr'>efficitur,</span> <span class='ocrx_word' id='word_1_110' title='bbox 1778 1232 1870 1294; x_wconf 89' lang='lat' dir='ltr'>qui</span> 
     </span>
     <span class='ocr_line' id='line_1_15' title="bbox 176 1306 1870 1370; baseline -0.002 -11"><span class='ocrx_word' id='word_1_111' title='bbox 176 1310 318 1359; x_wconf 89' lang='lat' dir='ltr'>bene</span> <span class='ocrx_word' id='word_1_112' title='bbox 360 1313 555 1359; x_wconf 92' lang='lat' dir='ltr'>cenent</span> <span class='ocrx_word' id='word_1_113' title='bbox 596 1309 775 1358; x_wconf 90' lang='lat' dir='ltr'>omnis</span> <span class='ocrx_word' id='word_1_114' title='bbox 817 1306 1045 1358; x_wconf 91' lang='lat' dir='ltr'>libenter</span> <span class='ocrx_word' id='word_1_115' title='bbox 1086 1321 1294 1365; x_wconf 87' lang='lat' dir='ltr'>cenare,</span> <span class='ocrx_word' id='word_1_116' title='bbox 1340 1307 1432 1370; x_wconf 91' lang='lat' dir='ltr'>qui</span> <span class='ocrx_word' id='word_1_117' title='bbox 1473 1306 1715 1365; x_wconf 91' lang='lat' dir='ltr'>libenter,</span> <span class='ocrx_word' id='word_1_118' title='bbox 1758 1320 1870 1356; x_wconf 93' lang='lat' dir='ltr'>non</span> 
     </span>
     <span class='ocr_line' id='line_1_16' title="bbox 178 1380 1939 1444; baseline -0.005 -10"><span class='ocrx_word' id='word_1_119' title='bbox 178 1384 437 1434; x_wconf 93' lang='lat' dir='ltr'>continuo</span> <span class='ocrx_word' id='word_1_120' title='bbox 472 1383 628 1433; x_wconf 94' lang='lat' dir='ltr'>bene.</span> <span class='ocrx_word' id='word_1_121' title='bbox 685 1395 901 1444; x_wconf 90' lang='lat' dir='ltr'>semper</span> <span class='ocrx_word' id='word_1_122' title='bbox 934 1381 1148 1431; x_wconf 91' lang='lat' dir='ltr'>Laelius</span> <span class='ocrx_word' id='word_1_123' title='bbox 1182 1382 1339 1432; x_wconf 88' lang='lat' dir='ltr'>bene.</span> <span class='ocrx_word' id='word_1_124' title='bbox 1396 1381 1527 1443; x_wconf 88' lang='lat' dir='ltr'>quid</span> <span class='ocrx_word' id='word_1_125' title='bbox 1560 1381 1739 1431; x_wconf 78' lang='lat' dir='ltr'>bene?</span> <span class='ocrx_word' id='word_1_126' title='bbox 1795 1380 1871 1430; x_wconf 86' lang='lat' dir='ltr'>di-</span> <span class='ocrx_word' id='word_1_127' title='bbox 1897 1391 1939 1425; x_wconf 89' lang='lat'>15</span> 
     </span>
     <span class='ocr_line' id='line_1_17' title="bbox 174 1451 1868 1517; baseline -0.002 -9"><span class='ocrx_word' id='word_1_128' title='bbox 174 1463 257 1508; x_wconf 91' lang='lat' dir='ltr'>cet</span> <span class='ocrx_word' id='word_1_129' title='bbox 300 1457 558 1508; x_wconf 91' lang='lat' dir='ltr'>Lucilius:</span> <span class='ocrx_word' id='word_1_130' title='bbox 603 1452 801 1515; x_wconf 76' lang='lat' dir='ltr'>‘coct0‚</span> <span class='ocrx_word' id='word_1_131' title='bbox 845 1451 1103 1514; x_wconf 92' lang='lat' dir='ltr'>condito&#39;,</span> <span class='ocrx_word' id='word_1_132' title='bbox 1151 1455 1249 1507; x_wconf 93' lang='lat' dir='ltr'>sed</span> <span class='ocrx_word' id='word_1_133' title='bbox 1294 1455 1431 1506; x_wconf 92' lang='lat' dir='ltr'>cedo</span> <span class='ocrx_word' id='word_1_134' title='bbox 1474 1461 1636 1517; x_wconf 90' lang='lat' dir='ltr'>caput</span> <span class='ocrx_word' id='word_1_135' title='bbox 1679 1469 1868 1505; x_wconf 91' lang='lat' dir='ltr'>cenae:</span> 
     </span>
     <span class='ocr_line' id='line_1_18' title="bbox 178 1525 1870 1594; baseline -0.002 -12"><span class='ocrx_word' id='word_1_136' title='bbox 178 1527 450 1583; x_wconf 79' lang='lat' dir='ltr'>‘sermone</span> <span class='ocrx_word' id='word_1_137' title='bbox 468 1527 654 1590; x_wconf 91' lang='lat' dir='ltr'>bono&#39;,</span> <span class='ocrx_word' id='word_1_138' title='bbox 682 1531 813 1594; x_wconf 87' lang='lat' dir='ltr'>quid</span> <span class='ocrx_word' id='word_1_139' title='bbox 835 1545 900 1582; x_wconf 88' lang='lat' dir='ltr'>ex</span> <span class='ocrx_word' id='word_1_140' title='bbox 920 1532 1025 1582; x_wconf 80' lang='lat' dir='ltr'>eo?</span> <span class='ocrx_word' id='word_1_141' title='bbox 1053 1525 1116 1580; x_wconf 81' lang='lat' dir='ltr'>‘si</span> <span class='ocrx_word' id='word_1_142' title='bbox 1136 1531 1366 1593; x_wconf 90' lang='lat' dir='ltr'>quaeris,</span> <span class='ocrx_word' id='word_1_143' title='bbox 1392 1525 1661 1587; x_wconf 92' lang='lat' dir='ltr'>libenter&#39;;</span> <span class='ocrx_word' id='word_1_144' title='bbox 1685 1530 1870 1579; x_wconf 90' lang='lat' dir='ltr'>venie-</span> 
     </span>
     <span class='ocr_line' id='line_1_19' title="bbox 174 1603 1871 1667; baseline -0.002 -10"><span class='ocrx_word' id='word_1_145' title='bbox 174 1607 267 1657; x_wconf 89' lang='lat' dir='ltr'>bat</span> <span class='ocrx_word' id='word_1_146' title='bbox 301 1608 445 1657; x_wconf 92' lang='lat' dir='ltr'>enim</span> <span class='ocrx_word' id='word_1_147' title='bbox 480 1607 550 1656; x_wconf 91' lang='lat' dir='ltr'>ad</span> <span class='ocrx_word' id='word_1_148' title='bbox 578 1620 785 1665; x_wconf 91' lang='lat' dir='ltr'>cenam,</span> <span class='ocrx_word' id='word_1_149' title='bbox 819 1610 878 1656; x_wconf 92' lang='lat' dir='ltr'>ut</span> <span class='ocrx_word' id='word_1_150' title='bbox 910 1606 1095 1655; x_wconf 91' lang='lat' dir='ltr'>animo</span> <span class='ocrx_word' id='word_1_151' title='bbox 1131 1605 1315 1667; x_wconf 91' lang='lat' dir='ltr'>quieto</span> <span class='ocrx_word' id='word_1_152' title='bbox 1351 1605 1568 1654; x_wconf 91' lang='lat' dir='ltr'>satiaret</span> <span class='ocrx_word' id='word_1_153' title='bbox 1601 1603 1871 1654; x_wconf 91' lang='lat' dir='ltr'>desideria</span> 
     </span>
     <span class='ocr_line' id='line_1_20' title="bbox 173 1679 1869 1743; baseline -0.002 -13"><span class='ocrx_word' id='word_1_154' title='bbox 173 1686 413 1732; x_wconf 89' lang='lat' dir='ltr'>naturae.</span> <span class='ocrx_word' id='word_1_155' title='bbox 485 1686 627 1731; x_wconf 90' lang='lat' dir='ltr'>recte</span> <span class='ocrx_word' id='word_1_156' title='bbox 669 1694 798 1743; x_wconf 93' lang='lat' dir='ltr'>ergo</span> <span class='ocrx_word' id='word_1_157' title='bbox 842 1681 885 1730; x_wconf 92' lang='lat' dir='ltr'>is</span> <span class='ocrx_word' id='word_1_158' title='bbox 934 1684 1099 1743; x_wconf 88' lang='lat' dir='ltr'>negat</span> <span class='ocrx_word' id='word_1_159' title='bbox 1147 1693 1411 1742; x_wconf 91' lang='lat' dir='ltr'>umquam</span> <span class='ocrx_word' id='word_1_160' title='bbox 1456 1679 1598 1729; x_wconf 92' lang='lat' dir='ltr'>bene</span> <span class='ocrx_word' id='word_1_161' title='bbox 1642 1692 1869 1729; x_wconf 87' lang='lat' dir='ltr'>cenasse</span> 
     </span>
     <span class='ocr_line' id='line_1_21' title="bbox 174 1754 1936 1816; baseline -0.003 -10"><span class='ocrx_word' id='word_1_162' title='bbox 174 1755 502 1814; x_wconf 86' lang='lat' dir='ltr'>Gallonium,</span> <span class='ocrx_word' id='word_1_163' title='bbox 536 1760 679 1807; x_wconf 92' lang='lat' dir='ltr'>recte</span> <span class='ocrx_word' id='word_1_164' title='bbox 705 1756 979 1813; x_wconf 91' lang='lat' dir='ltr'>miserum,</span> <span class='ocrx_word' id='word_1_165' title='bbox 1014 1768 1137 1803; x_wconf 92' lang='lat' dir='ltr'>cum</span> <span class='ocrx_word' id='word_1_166' title='bbox 1173 1754 1487 1816; x_wconf 90' lang='lat' dir='ltr'>praesertim</span> <span class='ocrx_word' id='word_1_167' title='bbox 1519 1754 1572 1802; x_wconf 94' lang='lat' dir='ltr'>in</span> <span class='ocrx_word' id='word_1_168' title='bbox 1600 1767 1666 1803; x_wconf 95' lang='lat' dir='ltr'>eo</span> <span class='ocrx_word' id='word_1_169' title='bbox 1702 1766 1866 1803; x_wconf 93' lang='lat' dir='ltr'>omne</span> <span class='ocrx_word' id='word_1_170' title='bbox 1891 1762 1936 1797; x_wconf 80' lang='lat'>20</span> 
     </span>
     <span class='ocr_line' id='line_1_22' title="bbox 174 1828 1868 1892; baseline -0.002 -12"><span class='ocrx_word' id='word_1_171' title='bbox 174 1831 415 1881; x_wconf 90' lang='lat' dir='ltr'>studium</span> <span class='ocrx_word' id='word_1_172' title='bbox 435 1834 794 1881; x_wconf 90' lang='lat' dir='ltr'>consumeret.</span> <span class='ocrx_word' id='word_1_173' title='bbox 830 1843 995 1892; x_wconf 88' lang='lat' dir='ltr'>quern</span> <span class='ocrx_word' id='word_1_174' title='bbox 1014 1828 1242 1878; x_wconf 87' lang='lat' dir='ltr'>libenter</span> <span class='ocrx_word' id='word_1_175' title='bbox 1261 1841 1488 1878; x_wconf 87' lang='lat' dir='ltr'>cenasse</span> <span class='ocrx_word' id='word_1_176' title='bbox 1506 1841 1670 1877; x_wconf 93' lang='lat' dir='ltr'>nemo</span> <span class='ocrx_word' id='word_1_177' title='bbox 1689 1832 1868 1889; x_wconf 90' lang='lat' dir='ltr'>negat.</span> 
     </span>
     <span class='ocr_line' id='line_1_23' title="bbox 172 1901 1868 1967; baseline -0.003 -12"><span class='ocrx_word' id='word_1_178' title='bbox 172 1919 262 1955; x_wconf 93' lang='lat' dir='ltr'>cur</span> <span class='ocrx_word' id='word_1_179' title='bbox 281 1906 440 1967; x_wconf 91' lang='lat' dir='ltr'>igitur</span> <span class='ocrx_word' id='word_1_180' title='bbox 459 1918 571 1954; x_wconf 94' lang='lat' dir='ltr'>non</span> <span class='ocrx_word' id='word_1_181' title='bbox 589 1905 769 1954; x_wconf 76' lang='lat' dir='ltr'>bene?</span> <span class='ocrx_word' id='word_1_182' title='bbox 803 1904 946 1966; x_wconf 91' lang='lat' dir='ltr'>quia,</span> <span class='ocrx_word' id='word_1_183' title='bbox 970 1902 1119 1965; x_wconf 93' lang='lat' dir='ltr'>quod</span> <span class='ocrx_word' id='word_1_184' title='bbox 1139 1902 1295 1961; x_wconf 93' lang='lat' dir='ltr'>bene,</span> <span class='ocrx_word' id='word_1_185' title='bbox 1322 1902 1376 1951; x_wconf 92' lang='lat' dir='ltr'>id</span> <span class='ocrx_word' id='word_1_186' title='bbox 1396 1907 1553 1960; x_wconf 91' lang='lat' dir='ltr'>recte,</span> <span class='ocrx_word' id='word_1_187' title='bbox 1580 1901 1868 1964; x_wconf 81' lang='lat' dir='ltr'>frugaliter,</span> 
     </span>
     <span class='ocr_line' id='line_1_24' title="bbox 170 1971 1869 2041; baseline -0.003 -12"><span class='ocrx_word' id='word_1_188' title='bbox 170 1980 422 2037; x_wconf 91' lang='lat' dir='ltr'>honeste;</span> <span class='ocrx_word' id='word_1_189' title='bbox 449 1978 538 2029; x_wconf 92' lang='lat' dir='ltr'>ille</span> <span class='ocrx_word' id='word_1_190' title='bbox 567 1992 727 2041; x_wconf 91' lang='lat' dir='ltr'>porro</span> <span class='ocrx_word' id='word_1_191' title='bbox 747 1971 939 2041; x_wconf 92' lang='lat' dir='ltr'>[male]</span> <span class='ocrx_word' id='word_1_192' title='bbox 967 1990 1148 2039; x_wconf 85' lang='lat' dir='ltr'>prave,</span> <span class='ocrx_word' id='word_1_193' title='bbox 1178 1977 1439 2039; x_wconf 88' lang='lat' dir='ltr'>nequiter,</span> <span class='ocrx_word' id='word_1_194' title='bbox 1472 1977 1693 2038; x_wconf 88' lang='lat' dir='ltr'>turpiter</span> <span class='ocrx_word' id='word_1_195' title='bbox 1712 1989 1869 2025; x_wconf 89' lang='lat' dir='ltr'>cena-</span> 
     </span>
     <span class='ocr_line' id='line_1_25' title="bbox 171 2046 1864 2117; baseline -0.003 -13"><span class='ocrx_word' id='word_1_196' title='bbox 171 2055 285 2111; x_wconf 89' lang='lat' dir='ltr'>bat;</span> <span class='ocrx_word' id='word_1_197' title='bbox 329 2068 440 2104; x_wconf 93' lang='lat' dir='ltr'>non</span> <span class='ocrx_word' id='word_1_198' title='bbox 482 2053 642 2117; x_wconf 92' lang='lat' dir='ltr'>igitur</span> <span class='ocrx_word' id='word_1_199' title='bbox 681 2046 910 2115; x_wconf 87' lang='lat' dir='ltr'>&lt;bene.&gt;</span> <span class='ocrx_word' id='word_1_200' title='bbox 983 2065 1085 2101; x_wconf 93' lang='lat' dir='ltr'>nec</span> <span class='ocrx_word' id='word_1_201' title='bbox 1126 2051 1331 2113; x_wconf 90' lang='lat' dir='ltr'>lapathi</span> <span class='ocrx_word' id='word_1_202' title='bbox 1373 2051 1699 2100; x_wconf 91' lang='lat' dir='ltr'>suavitatem</span> <span class='ocrx_word' id='word_1_203' title='bbox 1741 2063 1864 2099; x_wconf 89' lang='lat' dir='ltr'>acu-</span> 
     </span>
     <span class='ocr_line' id='line_1_26' title="bbox 171 2124 1935 2190; baseline -0.004 -12"><span class='ocrx_word' id='word_1_204' title='bbox 171 2129 385 2190; x_wconf 92' lang='lat' dir='ltr'>penseri</span> <span class='ocrx_word' id='word_1_205' title='bbox 435 2126 653 2178; x_wconf 87' lang='lat' dir='ltr'>Galloni</span> <span class='ocrx_word' id='word_1_206' title='bbox 702 2126 916 2176; x_wconf 91' lang='lat' dir='ltr'>Laelius</span> <span class='ocrx_word' id='word_1_207' title='bbox 965 2125 1350 2187; x_wconf 89' lang='lat' dir='ltr'>anteponebat,</span> <span class='ocrx_word' id='word_1_208' title='bbox 1393 2124 1490 2174; x_wconf 91' lang='lat' dir='ltr'>sed</span> <span class='ocrx_word' id='word_1_209' title='bbox 1539 2125 1935 2174; x_wconf 89' lang='lat' dir='ltr'>suavitatem25</span> 
     </span>
     <span class='ocr_line' id='line_1_27' title="bbox 171 2198 1867 2265; baseline -0.003 -13"><span class='ocrx_word' id='word_1_210' title='bbox 171 2204 347 2264; x_wconf 92' lang='lat' dir='ltr'>ipsam</span> <span class='ocrx_word' id='word_1_211' title='bbox 395 2201 746 2265; x_wconf 91' lang='lat' dir='ltr'>neglegebat;</span> <span class='ocrx_word' id='word_1_212' title='bbox 792 2200 942 2263; x_wconf 88' lang='lat' dir='ltr'>quod</span> <span class='ocrx_word' id='word_1_213' title='bbox 983 2214 1095 2250; x_wconf 93' lang='lat' dir='ltr'>non</span> <span class='ocrx_word' id='word_1_214' title='bbox 1140 2199 1351 2258; x_wconf 85' lang='lat' dir='ltr'>faceret,</span> <span class='ocrx_word' id='word_1_215' title='bbox 1400 2200 1444 2248; x_wconf 90' lang='lat' dir='ltr'>si</span> <span class='ocrx_word' id='word_1_216' title='bbox 1490 2199 1544 2248; x_wconf 91' lang='lat' dir='ltr'>in</span> <span class='ocrx_word' id='word_1_217' title='bbox 1583 2198 1867 2260; x_wconf 90' lang='lat' dir='ltr'>voluptate</span> 
     </span>
     <span class='ocr_line' id='line_1_28' title="bbox 170 2276 964 2338; baseline -0.003 -12"><span class='ocrx_word' id='word_1_218' title='bbox 170 2291 445 2326; x_wconf 90' lang='lat' dir='ltr'>summum</span> <span class='ocrx_word' id='word_1_219' title='bbox 480 2276 688 2327; x_wconf 92' lang='lat' dir='ltr'>bonum</span> <span class='ocrx_word' id='word_1_220' title='bbox 724 2279 964 2338; x_wconf 91' lang='lat' dir='ltr'>poneret.</span> 
     </span>
    </p>
   </div>
   <div class='ocr_carea' id='block_1_7' title="bbox 170 2390 1868 2972">
    <p class='ocr_par' dir='ltr' id='par_1_7' title="bbox 170 2390 1868 2972">
     <span class='ocr_line' id='line_1_29' title="bbox 247 2390 1868 2442; baseline -0.002 -9"><span class='ocrx_word' id='word_1_221' title='bbox 247 2394 265 2433; x_wconf 93' lang='lat'>1</span> <span class='ocrx_word' id='word_1_222' title='bbox 314 2405 401 2435; x_wconf 91' lang='lat' dir='ltr'>nec</span> <span class='ocrx_word' id='word_1_223' title='bbox 448 2405 499 2434; x_wconf 90' lang='lat' dir='ltr'>es</span> <span class='ocrx_word' id='word_1_224' title='bbox 546 2395 657 2435; x_wconf 90' lang='lat' dir='ltr'>satis</span> <span class='ocrx_word' id='word_1_225' title='bbox 699 2393 985 2433; x_wconf 84' lang='lat' dir='ltr'>Lachmann.</span> <span class='ocrx_word' id='word_1_226' title='bbox 1033 2393 1098 2432; x_wconf 84' lang='lat' dir='ltr'>ad</span> <span class='ocrx_word' id='word_1_227' title='bbox 1144 2392 1320 2433; x_wconf 80' lang='lat' dir='ltr'>Lucret.</span> <span class='ocrx_word' id='word_1_228' title='bbox 1362 2403 1410 2442; x_wconf 82' lang='grc' dir='ltr'>ρ.</span> <span class='ocrx_word' id='word_1_229' title='bbox 1442 2394 1522 2439; x_wconf 83' lang='grc'>29;</span> <span class='ocrx_word' id='word_1_230' title='bbox 1568 2401 1628 2431; x_wconf 92' lang='lat' dir='ltr'>ne</span> <span class='ocrx_word' id='word_1_231' title='bbox 1676 2390 1868 2431; x_wconf 89' lang='lat' dir='ltr'>cessatis</span> 
     </span>
     <span class='ocr_line' id='line_1_30' title="bbox 170 2443 1865 2494; baseline -0.002 -1"><span class='ocrx_word' id='word_1_232' title='bbox 170 2452 354 2494; x_wconf 91' lang='lat' dir='ltr'>ABEN</span> <span class='ocrx_word' id='word_1_233' title='bbox 393 2453 641 2494; x_wconf 86' lang='lat' dir='ltr'>necessarii</span> <span class='ocrx_word' id='word_1_234' title='bbox 680 2446 742 2493; x_wconf 85' lang='lat' dir='ltr'>R¹</span> <span class='ocrx_word' id='word_1_235' title='bbox 783 2452 1037 2493; x_wconf 90' lang='lat' dir='ltr'>necessatis</span> <span class='ocrx_word' id='word_1_236' title='bbox 1076 2443 1137 2491; x_wconf 78' lang='lat' dir='ltr'>R²</span> <span class='ocrx_word' id='word_1_237' title='bbox 1179 2451 1472 2492; x_wconf 83' lang='lat' dir='ltr'>necessitatis</span> <span class='ocrx_word' id='word_1_238' title='bbox 1504 2449 1546 2490; x_wconf 93' lang='lat' dir='ltr'>V</span> <span class='ocrx_word' id='word_1_239' title='bbox 1706 2449 1731 2489; x_wconf 89' lang='lat'>2</span> <span class='ocrx_word' id='word_1_240' title='bbox 1777 2450 1865 2490; x_wconf 84' lang='lat' dir='ltr'>del.</span> 
     </span>
     <span class='ocr_line' id='line_1_31' title="bbox 171 2506 1866 2562; baseline -0.003 -9"><span class='ocrx_word' id='word_1_241' title='bbox 171 2513 275 2553; x_wconf 87' lang='lat' dir='ltr'>edd.</span> <span class='ocrx_word' id='word_1_242' title='bbox 427 2512 454 2551; x_wconf 88' lang='lat'>4</span> <span class='ocrx_word' id='word_1_243' title='bbox 486 2513 666 2562; x_wconf 88' lang='lat' dir='ltr'>guimas</span> <span class='ocrx_word' id='word_1_244' title='bbox 705 2511 787 2551; x_wconf 91' lang='lat' dir='ltr'>BE</span> <span class='ocrx_word' id='word_1_245' title='bbox 826 2512 994 2561; x_wconf 89' lang='lat' dir='ltr'>ginnas</span> <span class='ocrx_word' id='word_1_246' title='bbox 1025 2510 1063 2551; x_wconf 88' lang='lat' dir='ltr'>R</span> <span class='ocrx_word' id='word_1_247' title='bbox 1215 2509 1239 2549; x_wconf 90' lang='grc'><strong>7</strong></span> <span class='ocrx_word' id='word_1_248' title='bbox 1281 2510 1368 2550; x_wconf 88' lang='lat' dir='ltr'>isto</span> <span class='ocrx_word' id='word_1_249' title='bbox 1409 2507 1598 2549; x_wconf 85' lang='lat' dir='ltr'>ARNV</span> <span class='ocrx_word' id='word_1_250' title='bbox 1748 2507 1775 2548; x_wconf 90' lang='lat'>8</span> <span class='ocrx_word' id='word_1_251' title='bbox 1808 2506 1866 2548; x_wconf 73' lang='grc' dir='ltr'>εὖ</span> 
     </span>
     <span class='ocr_line' id='line_1_32' title="bbox 170 2564 1864 2620; baseline -0.002 -8"><span class='ocrx_word' id='word_1_252' title='bbox 170 2572 313 2612; x_wconf 87' lang='lat' dir='ltr'>sumis</span> <span class='ocrx_word' id='word_1_253' title='bbox 359 2565 426 2611; x_wconf 86' lang='lat' dir='ltr'>Al</span> <span class='ocrx_word' id='word_1_254' title='bbox 587 2571 768 2620; x_wconf 87' lang='lat' dir='ltr'>squulla</span> <span class='ocrx_word' id='word_1_255' title='bbox 814 2564 937 2610; x_wconf 79' lang='grc' dir='ltr'>ΑΝι</span> <span class='ocrx_word' id='word_1_256' title='bbox 1100 2579 1385 2619; x_wconf 86' lang='lat' dir='ltr'>acupensere</span> <span class='ocrx_word' id='word_1_257' title='bbox 1435 2568 1546 2609; x_wconf 74' lang='grc' dir='ltr'><em>ΒΚΖ.</em></span> <span class='ocrx_word' id='word_1_258' title='bbox 1594 2568 1713 2616; x_wconf 91' lang='lat' dir='ltr'>acip.</span> <span class='ocrx_word' id='word_1_259' title='bbox 1761 2569 1864 2608; x_wconf 86' lang='lat' dir='ltr'>edd.</span> 
     </span>
     <span class='ocr_line' id='line_1_33' title="bbox 171 2627 1864 2672; baseline -0.003 0"><span class='ocrx_word' id='word_1_260' title='bbox 171 2633 281 2672; x_wconf 76' lang='lat' dir='ltr'>vett.</span> <span class='ocrx_word' id='word_1_261' title='bbox 322 2631 554 2671; x_wconf 88' lang='lat' dir='ltr'>accubans</span> <span class='ocrx_word' id='word_1_262' title='bbox 587 2641 692 2671; x_wconf 89' lang='lat' dir='ltr'>aere</span> <span class='ocrx_word' id='word_1_263' title='bbox 717 2629 903 2670; x_wconf 88' lang='lat' dir='ltr'>ABRV</span> <span class='ocrx_word' id='word_1_264' title='bbox 935 2629 1163 2670; x_wconf 91' lang='lat' dir='ltr'>accubant</span> <span class='ocrx_word' id='word_1_265' title='bbox 1195 2639 1300 2670; x_wconf 88' lang='lat' dir='ltr'>aere</span> <span class='ocrx_word' id='word_1_266' title='bbox 1325 2627 1359 2668; x_wconf 93' lang='lat' dir='ltr'>E</span> <span class='ocrx_word' id='word_1_267' title='bbox 1392 2628 1592 2668; x_wconf 87' lang='lat' dir='ltr'>accubas</span> <span class='ocrx_word' id='word_1_268' title='bbox 1625 2638 1731 2668; x_wconf 87' lang='lat' dir='ltr'>aere</span> <span class='ocrx_word' id='word_1_269' title='bbox 1763 2638 1864 2667; x_wconf 82' lang='lat' dir='ltr'>cum</span> 
     </span>
     <span class='ocr_line' id='line_1_34' title="bbox 173 2687 1806 2741; baseline -0.004 -10"><span class='ocrx_word' id='word_1_270' title='bbox 173 2702 266 2731; x_wconf 84' lang='lat' dir='ltr'>ras.</span> <span class='ocrx_word' id='word_1_271' title='bbox 298 2701 442 2741; x_wconf 80' lang='lat' dir='ltr'>super</span> <span class='ocrx_word' id='word_1_272' title='bbox 472 2700 523 2730; x_wconf 90' lang='lat' dir='ltr'>as</span> <span class='ocrx_word' id='word_1_273' title='bbox 554 2689 595 2729; x_wconf 88' lang='lat' dir='ltr'>N</span> <span class='ocrx_word' id='word_1_274' title='bbox 719 2689 768 2728; x_wconf 92' lang='lat'>11</span> <span class='ocrx_word' id='word_1_275' title='bbox 805 2699 900 2729; x_wconf 92' lang='lat' dir='ltr'>non</span> <span class='ocrx_word' id='word_1_276' title='bbox 933 2700 1022 2729; x_wconf 89' lang='lat' dir='ltr'>om.</span> <span class='ocrx_word' id='word_1_277' title='bbox 1049 2687 1231 2728; x_wconf 88' lang='lat' dir='ltr'><strong>ABER</strong></span> <span class='ocrx_word' id='word_1_278' title='bbox 1355 2687 1409 2728; x_wconf 88' lang='grc'>13</span> <span class='ocrx_word' id='word_1_279' title='bbox 1453 2687 1650 2727; x_wconf 88' lang='lat' dir='ltr'>secernit</span> <span class='ocrx_word' id='word_1_280' title='bbox 1693 2687 1806 2726; x_wconf 84' lang='lat' dir='ltr'>dett.</span> 
     </span>
     <span class='ocr_line' id='line_1_35' title="bbox 176 2739 1868 2796; baseline -0.003 -6"><span class='ocrx_word' id='word_1_281' title='bbox 176 2750 229 2790; x_wconf 91' lang='lat'>15</span> <span class='ocrx_word' id='word_1_282' title='bbox 263 2750 435 2791; x_wconf 89' lang='lat' dir='ltr'>diceret</span> <span class='ocrx_word' id='word_1_283' title='bbox 465 2747 508 2790; x_wconf 87' lang='lat' dir='ltr'>A</span> <span class='ocrx_word' id='word_1_284' title='bbox 541 2748 650 2789; x_wconf 88' lang='lat' dir='ltr'>dicit</span> <span class='ocrx_word' id='word_1_285' title='bbox 680 2747 763 2788; x_wconf 91' lang='lat' dir='ltr'>BE</span> <span class='ocrx_word' id='word_1_286' title='bbox 869 2747 924 2787; x_wconf 90' lang='grc'>16</span> <span class='ocrx_word' id='word_1_287' title='bbox 957 2744 1107 2796; x_wconf 92' lang='lat' dir='ltr'>cocto]</span> <span class='ocrx_word' id='word_1_288' title='bbox 1143 2749 1274 2796; x_wconf 85' lang='lat' dir='ltr'>porto</span> <span class='ocrx_word' id='word_1_289' title='bbox 1306 2740 1367 2787; x_wconf 83' lang='lat' dir='ltr'>R¹</span> <span class='ocrx_word' id='word_1_290' title='bbox 1399 2756 1540 2796; x_wconf 88' lang='lat' dir='ltr'>porco</span> <span class='ocrx_word' id='word_1_291' title='bbox 1571 2739 1633 2786; x_wconf 83' lang='lat' dir='ltr'>R²</span> <span class='ocrx_word' id='word_1_292' title='bbox 1742 2743 1795 2784; x_wconf 89' lang='lat'>18</span> <span class='ocrx_word' id='word_1_293' title='bbox 1821 2748 1868 2785; x_wconf 89' lang='lat' dir='ltr'>ut</span> 
     </span>
     <span class='ocr_line' id='line_1_36' title="bbox 172 2804 1806 2850; baseline -0.003 -2"><span class='ocrx_word' id='word_1_294' title='bbox 172 2810 218 2849; x_wconf 88' lang='lat' dir='ltr'>in</span> <span class='ocrx_word' id='word_1_295' title='bbox 263 2810 418 2850; x_wconf 89' lang='lat' dir='ltr'>animo</span> <span class='ocrx_word' id='word_1_296' title='bbox 465 2807 552 2848; x_wconf 89' lang='lat' dir='ltr'>BE</span> <span class='ocrx_word' id='word_1_297' title='bbox 696 2807 752 2848; x_wconf 89' lang='grc'>23</span> <span class='ocrx_word' id='word_1_298' title='bbox 794 2808 882 2847; x_wconf 85' lang='lat' dir='ltr'>del.</span> <span class='ocrx_word' id='word_1_299' title='bbox 922 2806 1033 2847; x_wconf 81' lang='lat' dir='ltr'>Wes.</span> <span class='ocrx_word' id='word_1_300' title='bbox 1066 2818 1155 2847; x_wconf 84' lang='lat' dir='ltr'>sec.</span> <span class='ocrx_word' id='word_1_301' title='bbox 1188 2806 1311 2846; x_wconf 79' lang='lat' dir='ltr'><strong><em>Mdv.</em></strong></span> <span class='ocrx_word' id='word_1_302' title='bbox 1450 2804 1506 2845; x_wconf 89' lang='grc'>24</span> <span class='ocrx_word' id='word_1_303' title='bbox 1539 2805 1650 2845; x_wconf 82' lang='lat' dir='ltr'>add.</span> <span class='ocrx_word' id='word_1_304' title='bbox 1683 2804 1806 2844; x_wconf 80' lang='lat' dir='ltr'><em>Mdv.</em></span> 
     </span>
     <span class='ocr_line' id='line_1_37' title="bbox 172 2863 1865 2917; baseline -0.003 -8"><span class='ocrx_word' id='word_1_305' title='bbox 172 2868 445 2917; x_wconf 88' lang='lat' dir='ltr'>acupenseri</span> <span class='ocrx_word' id='word_1_306' title='bbox 477 2867 587 2908; x_wconf 70' lang='grc' dir='ltr'><em>ΒΚΖ.</em></span> <span class='ocrx_word' id='word_1_307' title='bbox 624 2867 743 2916; x_wconf 85' lang='lat' dir='ltr'>acip.</span> <span class='ocrx_word' id='word_1_308' title='bbox 777 2867 879 2906; x_wconf 87' lang='lat' dir='ltr'>edd.</span> <span class='ocrx_word' id='word_1_309' title='bbox 914 2868 1023 2906; x_wconf 82' lang='lat' dir='ltr'>vett.</span> <span class='ocrx_word' id='word_1_310' title='bbox 1059 2866 1290 2906; x_wconf 89' lang='lat' dir='ltr'>accubens</span> <span class='ocrx_word' id='word_1_311' title='bbox 1323 2875 1399 2906; x_wconf 88' lang='lat' dir='ltr'>ere</span> <span class='ocrx_word' id='word_1_312' title='bbox 1422 2863 1464 2904; x_wconf 93' lang='lat' dir='ltr'>V</span> <span class='ocrx_word' id='word_1_313' title='bbox 1495 2864 1727 2904; x_wconf 90' lang='lat' dir='ltr'>accubans</span> <span class='ocrx_word' id='word_1_314' title='bbox 1759 2874 1865 2904; x_wconf 88' lang='lat' dir='ltr'>aere</span> 
     </span>
     <span class='ocr_line' id='line_1_38' title="bbox 172 2920 1865 2972; baseline -0.004 -4"><span class='ocrx_word' id='word_1_315' title='bbox 172 2926 261 2968; x_wconf 84' lang='lat' dir='ltr'>AR</span> <span class='ocrx_word' id='word_1_316' title='bbox 307 2927 586 2968; x_wconf 89' lang='lat' dir='ltr'>accumbans</span> <span class='ocrx_word' id='word_1_317' title='bbox 627 2936 703 2967; x_wconf 89' lang='lat' dir='ltr'>ere</span> <span class='ocrx_word' id='word_1_318' title='bbox 735 2924 816 2966; x_wconf 91' lang='lat' dir='ltr'>BE</span> <span class='ocrx_word' id='word_1_319' title='bbox 857 2924 1099 2965; x_wconf 91' lang='lat' dir='ltr'>accubanti</span> <span class='ocrx_word' id='word_1_320' title='bbox 1139 2935 1245 2965; x_wconf 88' lang='lat' dir='ltr'>aere</span> <span class='ocrx_word' id='word_1_321' title='bbox 1276 2924 1317 2964; x_wconf 94' lang='lat' dir='ltr'>N</span> <span class='ocrx_word' id='word_1_322' title='bbox 1350 2920 1496 2972; x_wconf 84' lang='lat' dir='ltr'>(bauti</span> <span class='ocrx_word' id='word_1_323' title='bbox 1538 2934 1568 2963; x_wconf 87' lang='lat' dir='ltr'>a</span> <span class='ocrx_word' id='word_1_324' title='bbox 1608 2934 1666 2963; x_wconf 77' lang='lat' dir='ltr'>m.</span> <span class='ocrx_word' id='word_1_325' title='bbox 1700 2923 1783 2963; x_wconf 83' lang='lat' dir='ltr'>alt.</span> <span class='ocrx_word' id='word_1_326' title='bbox 1818 2923 1865 2962; x_wconf 90' lang='lat' dir='ltr'>in</span> 
     </span>
    </p>
   </div>
   <div class='ocr_carea' id='block_1_8' title="bbox 174 2983 289 3036">
    <p class='ocr_par' dir='ltr' id='par_1_8' title="bbox 174 2983 289 3036">
     <span class='ocr_line' id='line_1_39' title="bbox 174 2983 289 3036; baseline 0.009 -10"><span class='ocrx_word' id='word_1_327' title='bbox 174 2983 289 3036; x_wconf 86' lang='lat' dir='ltr'>ras.)</span> 
     </span>
    </p>
   </div>
  </div>
 </body>
</html>
