2002 3068
142 109 249 156 VIII
802 103 1164 151 PRAEFATIO

140 243 563 290 Academicorum
604 244 786 300 poster.
829 240 880 298 (§
916 241 972 286 19
1009 252 1299 296 prauumue
1339 241 1468 298 quid
1506 244 1833 288 consentiens

141 328 196 335 —
228 303 287 348 26
327 304 505 359 itaque
553 314 646 346 aer
687 303 735 346 et
774 299 807 357 ξ
838 301 898 346 32
938 301 1012 346 ad
1049 300 1386 357 probandum
1420 324 1476 331 —
1507 301 1567 346 46
1598 303 1833 358 quadam

139 363 242 419 fuit
271 363 525 418 facultate
558 362 609 405 et
642 359 727 416 to).
783 360 861 405 De
901 360 1000 405 hoc
1041 359 1219 405 codice
1260 359 1494 404 disseruit
1526 360 1576 405 F.
1612 359 1834 406 Gustafs

140 435 233 468 son
275 420 351 478 (cf.
386 421 618 472 Hermes,
651 420 750 465 vol.
776 419 879 472 XV,
915 419 1050 471 1880,
1083 419 1283 476 p.466s
1287 418 1386 476 q.q)
1429 421 1478 464 et
1517 419 1624 465 iure
1663 421 1833 474 suasit,

140 484 193 526 ut
234 482 298 525 ad
337 480 680 525 recensendos
722 480 786 524 de
825 479 908 524 fin.
949 479 1103 524 libros
1144 478 1478 525 adhiberetur
1535 478 1657 525 Esse
1698 480 1833 525 enim

139 541 273 585 hunc
305 540 485 585 librum
519 539 742 607 optimae
774 538 984 596 originis
1018 550 1080 583 ex
1114 549 1176 583 eo
1219 538 1448 591 efficitur,
1491 539 1629 608 quod
1668 539 1752 585 ille
1785 543 1835 585 et

138 599 285 646 bonis
327 601 375 644 et
414 598 581 655 pravis
622 598 925 644 lectionibus
967 610 1081 643 cum
1122 601 1164 642 A
1189 595 1291 655 (ΑΙ)
1326 600 1375 643 et
1405 574 1448 643 R
1483 598 1673 655 passim
1715 611 1833 645 con-

139 659 301 705 sentit.
343 656 650 703 Obscuratur
682 660 852 703 autem
885 657 1014 702 haec
1047 657 1332 702 communis
1366 669 1481 703 cum
1514 657 1661 703 bonis
1697 658 1833 704 libris

139 718 282 776 origo
315 730 503 775 magna
535 717 857 762 multitudine
890 716 1271 770 correctionum,
1305 729 1437 774 quae
1469 720 1555 762 aut
1580 729 1609 762 a
1633 717 1832 764 librario

139 778 308 835 aliquo
342 779 457 822 sunt
490 776 810 834 excogitatae
835 778 934 829 aut,
967 776 1019 821 id
1045 776 1182 833 quod
1207 776 1506 834 plerumque
1530 777 1717 822 factum
1743 781 1831 830 est,

139 850 202 882 ex
245 837 483 882 librorum
529 836 833 882 deteriorum
877 848 1068 894 genere
1111 835 1324 881 haustae
1368 834 1446 893 (cf.
1487 836 1552 881 ad
1592 849 1639 893 p.
1666 837 1832 890 19‚25;

136 897 208 949 20,
226 896 305 949 21;
337 896 408 948 21,
429 896 506 949 10;
538 896 609 948 22,
630 896 706 949 17;
738 895 810 948 31,
831 896 906 948 19;
938 895 1011 948 44,
1028 895 1108 948 24;
1140 895 1212 948 45,
1230 896 1281 948 6;
1305 895 1377 948 47,
1395 896 1445 949 5;
1469 895 1541 948 47,
1559 895 1639 948 27;
1662 896 1832 950 50,17;

136 955 274 1009 53,6;
306 956 377 1007 56,
395 955 474 1008 21;
506 955 676 1008 58,20;
707 955 876 1008 62,12;
907 955 980 1008 63,
997 955 1077 1008 26;
1108 955 1247 1008 69,1;
1279 955 1398 1008 69,5
1432 953 1560 1012 cet.).
1609 954 1832 1006 Quarum

138 1014 553 1060 emendationum
585 1015 832 1072 plurimae
864 1027 968 1060 non
1001 1017 1116 1060 sunt
1154 1014 1426 1060 translatae
1469 1026 1532 1060 ex
1566 1027 1628 1060 eo
1662 1027 1832 1061 exem-

136 1074 283 1132 plari,
317 1075 455 1131 quod
486 1074 715 1119 librarius
749 1074 1088 1127 describebat,
1123 1074 1214 1120 sed
1246 1074 1298 1119 in
1330 1074 1429 1120 hoc
1461 1074 1572 1131 ipso
1605 1074 1732 1121 libro
1764 1075 1833 1120 ita

136 1134 410 1179 immutatis
442 1133 615 1179 litteris
641 1136 726 1179 aut
752 1133 906 1179 erasis
938 1134 1114 1186 factae,
1148 1136 1202 1178 ut
1233 1145 1336 1179 non
1370 1134 1580 1179 dubium
1610 1133 1685 1188 sit,
1711 1134 1831 1192 quin

136 1193 362 1252 primitus
396 1193 578 1251 scripta
609 1193 755 1239 fuerit
785 1194 1035 1239 bonorum
1068 1193 1306 1239 librorum
1338 1193 1504 1239 lectio.

69 1257 110 1298 V
206 1254 249 1298 6.
283 1251 489 1299 Codex
514 1252 850 1299 Vaticanus
877 1253 992 1299 1759
1016 1251 1092 1310 (=
1108 1251 1168 1310 V)
1194 1253 1469 1299 membran.
1494 1253 1685 1298 formae
1710 1266 1831 1311 qua-

134 1315 257 1358 tern.
290 1324 423 1358 saec,
448 1312 539 1358 XV
578 1310 655 1369 (cf.
690 1312 1038 1358 Bibliothecae
1079 1312 1392 1369 apostolicae
1431 1312 1709 1358 Vaticanae
1749 1325 1831 1359 co-

137 1371 291 1418 dices
320 1371 647 1429 manuscripti
687 1407 698 1418 .
724 1407 735 1417 .
815 1370 1030 1418 Codices
1073 1371 1304 1417 Vaticani
1349 1371 1511 1417 Latini
1553 1374 1721 1418 tomus
1755 1372 1830 1425 111,

134 1443 232 1477 rec.
266 1431 319 1476 B.
346 1431 563 1489 Nogara,
597 1431 790 1477 Romae
816 1432 944 1484 1912,
977 1444 1024 1488 p.
1049 1430 1169 1488 224).
1215 1431 1309 1477 Hic
1340 1431 1466 1477 liber
1496 1434 1693 1489 praeter
1724 1432 1831 1478 Μο-

135 1491 264 1536 desti
297 1491 362 1536 de
394 1503 446 1536 re
479 1490 677 1536 militari
710 1490 937 1536 libellum
978 1491 1028 1535 in
1060 1491 1163 1536 fine
1194 1491 1414 1548 positum
1446 1491 1575 1536 haec
1608 1491 1831 1537 continet

135 1548 391 1597 Ciceronis
424 1562 579 1608 opera
603 1550 978 1608 philosophica:
1013 1551 1078 1595 de
1102 1553 1201 1596 nat.
1229 1551 1380 1604 deor„
1407 1551 1471 1596 de
1497 1550 1665 1604 divin„
1691 1550 1829 1604 Tim„

135 1610 199 1655 de
231 1610 347 1663 fato,
383 1610 447 1655 de
479 1610 563 1656 fin.
605 1610 888 1667 iterumque
920 1609 1045 1655 Tim.
1102 1609 1165 1655 Ut
1205 1610 1354 1655 huius
1395 1622 1600 1668 quoque
1640 1610 1830 1656 codicis

135 1669 379 1715 lectiones
411 1681 655 1726 ponerem
688 1669 739 1714 in
772 1670 961 1715 selecta
988 1669 1128 1714 varia
1159 1669 1392 1722 lectione,
1427 1681 1489 1715 eo
1521 1670 1707 1715 iactum
1742 1672 1829 1722 est,

135 1729 272 1786 quod
304 1728 386 1775 hic
418 1729 544 1774 liber
575 1741 762 1787 magna
788 1741 851 1774 ex
883 1731 1023 1786 parte
1054 1731 1188 1775 caret
1211 1729 1409 1787 vulgari
1442 1729 1830 1786 interpolatione

135 1787 439 1833 deteriorum
482 1789 729 1834 codicum.
787 1787 937 1839 Quod
977 1800 1078 1846 quo
1120 1789 1300 1834 melius
1340 1788 1619 1846 specimine
1659 1788 1829 1846 aliquo

134 1847 474 1904 intellegatur,
522 1848 710 1894 indicia
755 1849 1008 1905 quaedam
1052 1847 1103 1893 in
1143 1848 1380 1894 universo
1420 1860 1610 1906 genere
1649 1848 1829 1894 horum

135 1906 369 1952 codicum
402 1907 689 1960 manifesta,
731 1907 1033 1965 quibuscum
1074 1919 1347 1965 conparem
1388 1907 1620 1953 codicem
1652 1911 1706 1961 V,
1747 1907 1829 1953 hic

132 1977 270 2070 pono
303 1978 553 2072 Sltmoqlfie
585 1979 675 2036 pro
709 1967 945 2025 exemplo
979 1967 1261 2013 Palatinum
1297 1967 1431 2020 1515,
1466 1967 1551 2025 qui
1582 1966 1673 2012 fuit
1705 1966 1828 2013 Gru-

154 2037 223 2071 er1
255 2038 346 2071 sex
369 2038 440 2071 us,
531 2038 729 2084 egimus

132 2113 178 2158 p.
207 2100 275 2153 12,
292 2100 322 2145 5
339 2113 410 2157 sq.
437 2137 447 2146 .
474 2137 484 2146 .
512 2137 520 2147 .
547 2103 599 2146 et
621 2101 708 2147 ille
733 2103 931 2147 melius.
1025 2101 1076 2146 in
1094 2101 1197 2147 Pal.
1218 2101 1333 2147 1515
1357 2136 1368 2147 .
1387 2136 1398 2146 .
1419 2136 1430 2146 .
1456 2102 1508 2147 et
1531 2102 1617 2147 ille
1642 2102 1826 2148 meltus

133 2159 391 2205 addidisti
423 2161 496 2205 ad
527 2161 812 2206 extremum
847 2197 857 2206 .
884 2197 893 2206 .
922 2196 931 2206 .
1023 2161 1224 2207 Etenim
1273 2162 1525 2218 quoniam
1574 2161 1825 2206 detractis

1025 2221 1089 2266 de
1122 2222 1330 2266 homine
1368 2220 1623 2277 sensibus.
1669 2220 1825 2266 addi-

1025 2281 1152 2326 disti
1183 2280 1256 2325 ad
1287 2281 1572 2326 extremum
1607 2315 1616 2325 .
1644 2315 1653 2325 .
1682 2315 1691 2325 .

132 2365 179 2409 p.
207 2351 314 2404 14,1
335 2364 407 2410 sq.
529 2365 564 2398 a
590 2354 786 2399 natura
811 2355 931 2411 ipsa
976 2379 978 2384 ι
1025 2389 1034 2400 .
1062 2390 1072 2400 .
1099 2389 1109 2399 ,
1136 2366 1170 2399 a
1203 2355 1400 2399 natura
1434 2355 1553 2411 ipsa
1586 2354 1824 2400 iudicari.

132 2411 369 2457 iudicari.
425 2424 489 2457 ea
537 2413 666 2469 quid
709 2415 935 2471 percipit
1029 2413 1357 2470 Voluptatem
1383 2414 1548 2459 eciam
1574 2415 1626 2459 et
1649 2425 1748 2471 per
1768 2425 1826 2459 se

132 2471 227 2518 aut
258 2471 387 2531 quid
418 2471 620 2517 iudicat
650 2507 660 2517 .
688 2507 698 2518 .
725 2507 735 2518 .
1023 2472 1369 2531 expetendam
1422 2484 1534 2518 esse
1577 2474 1630 2518 et
1674 2472 1825 2518 dolo-

1023 2544 1131 2577 rem
1164 2533 1337 2589 ipsum
1375 2543 1473 2589 per
1509 2544 1566 2577 se
1598 2543 1711 2578 esse
1741 2531 1825 2587 fu-

1021 2591 1284 2649 9iendum.
1332 2590 1409 2636 En
1443 2591 1573 2649 quid
1601 2591 1827 2648 perci‘pit

974 2652 978 2714 ζ
1023 2652 1120 2696 aut
1149 2650 1280 2708 quid
1310 2651 1514 2696 iudicat
1544 2685 1555 2696 .
1582 2686 1592 2696 .
1618 2685 1629 2696 .

131 2736 177 2780 p.
194 2723 266 2776 45,
282 2723 610 2793 6.ηαΐιιι·αἱεε
637 2725 688 2769 et
710 2735 815 2773 non
841 2736 930 2770 ne-
1022 2724 1297 2770 naturales
1322 2736 1428 2769 non
1461 2725 1789 2770 necessarias

129 2795 393 2829 cessat-iae

128 2856 311 2913 p.45‚9
429 2857 524 2903 sed
546 2857 807 2914 franqere.
838 2858 929 2915 qui
1021 2891 1033 2902 .
1059 2892 1069 2902 .
1095 2892 1106 2904 .
1137 2857 1233 2902 sed
1262 2857 1510 2914 franyere
1542 2869 1664 2902 rem.
1723 2855 1823 2911 Qui

127 2916 257 2962 haec
296 2916 611 2974 didicerunt,
662 2929 798 2978 quae
842 2917 928 2966 ille
1019 2918 1067 2965 si
1097 2916 1294 2964 diceret
1323 2916 1672 2974 cupiditatum
1707 2927 1821 2961 esse
