2046 3138
136 470 200 518 16

131 541 187 582 44

134 1629 190 1669 45

223 147 324 198 178
434 165 435 168 ¹
639 140 724 186 DE
756 138 1009 187 FINIBUS
1042 137 1192 206 BON.
1226 136 1306 185 ET
1338 139 1490 187 MAL.
1606 144 1993 186 Lib.Vc.15—-1'1

220 279 582 342 progrediens
616 277 977 331 confirmatur
1008 279 1242 337 animus,
1273 277 1526 341 agnoscit
1556 276 1649 328 ille
1682 277 1904 341 quidem

220 359 450 403 naturae
486 353 615 411 vim,
655 352 756 404 sed.
791 353 882 412 ita,
919 358 980 404 ut
1018 352 1279 416 progredi
1317 352 1496 415 possit
1531 350 1768 415 longius,
1809 365 1908 415 per

222 440 280 477 se
315 427 386 478 sit
419 432 634 478 tantum
667 426 939 478 inchoata.

233 535 235 537 -
293 500 615 552 Intrandum
654 506 739 552 est
778 501 946 564 igitur
983 501 1038 551 in
1077 513 1258 552 rerum
1298 506 1552 552 naturam
1591 505 1645 551 et
1684 500 1906 563 penitus

221 575 351 638 quid
402 589 468 626 ea
517 575 763 638 postulet
810 574 1239 638 pervidendum3
1287 573 1446 625 aliter
1494 575 1640 626 enim
1688 579 1907 625 nosmet
1953 590 1976 623 5

220 650 374 712 ipsos
422 663 590 700 nosse
639 663 752 700 non
802 660 1118 712 possumus.
1169 649 1318 712 quod
1371 654 1726 711 praeceptum
1778 649 1906 711 quia

220 723 401 774 maius
434 729 566 782 erat,
602 737 767 786 quam
801 729 862 775 ut
893 723 964 774 ab
998 723 1223 774 homine
1253 723 1547 782 videretur,
1582 722 1786 773 idcirco
1819 736 1907 773 as-

222 797 502 861 signatum.
551 803 636 849 est
685 797 806 848 deo,
855 797 1007 848 iubet
1053 797 1222 861 igitur
1270 809 1374 848 nos
1423 797 1653 861 Pythius
1701 796 1908 859 Apollo

219 885 447 923 noscere
489 878 709 923 nosmet
751 872 921 935 ipsos.
976 873 1219 935 cognitio
1261 877 1446 922 autem
1491 871 1627 922 haec
1667 877 1752 922 est
1793 885 1905 920 una

219 946 409 1005 nostri,
448 949 509 998 ut
546 947 659 997 vim
698 946 945 1009 corporis
983 946 1262 1009 animique
1300 947 1548 996 norimus
1587 958 1908 1007 sequamur·
1933 960 1978 995 10

221 1034 327 1083 que
361 1034 483 1071 eam
519 1021 707 1079 vitam,
744 1034 885 1083 quae
918 1020 1084 1071 rebus
1120 1021 1187 1070 iis
1222 1020 1359 1082 ipsis
1395 1019 1724 1082 perfruatur.
1772 1033 1907 1082 quo-

220 1096 369 1145 niam
402 1100 587 1146 autem
622 1095 669 1145 is
701 1095 870 1144 animi
901 1095 1184 1157 appetitus
1217 1107 1250 1144 a
1283 1095 1553 1157 principio
1586 1093 1706 1151 fuit,
1739 1099 1800 1144 ut
1826 1106 1906 1151 ea,

222 1182 362 1231 quae
392 1169 522 1228 dixi,
554 1182 719 1232 quam
749 1169 1154 1232 perfectissima
1180 1174 1378 1219 natura
1407 1168 1751 1226 haberemus,
1781 1181 1908 1218 con-

222 1244 496 1295 fitendum
539 1249 637 1302 est,
681 1257 803 1294 cum
845 1243 902 1293 id
943 1243 1132 1306 adepti
1176 1243 1364 1302 simne,
1406 1242 1556 1306 quod
1598 1242 1907 1305 appetitum

223 1319 308 1377 sit,
348 1319 404 1368 in
446 1332 513 1369 eo
554 1318 713 1381 quasi
753 1318 808 1367 in
851 1317 1046 1368 ultimo
1088 1318 1388 1368 consistere
1428 1322 1698 1374 naturam,
1740 1321 1908 1379 atque
1935 1334 1977 1368 15

221 1392 277 1442 id
317 1405 441 1443 esse
482 1405 759 1442 summum
798 1391 1030 1449 bonum;
1071 1391 1220 1454 quod
1263 1396 1406 1441 certe
1445 1391 1764 1441 universum
1806 1404 1907 1440 sua

223 1471 421 1529 sponte
445 1468 629 1529 ipsum
654 1466 838 1529 expeti
863 1471 918 1517 et
941 1471 1167 1528 propter
1192 1479 1251 1516 se
1274 1478 1499 1516 necesse
1521 1470 1620 1523 est,
1647 1465 1908 1527 quoniam

221 1546 350 1592 ante
377 1540 816 1592 demonstratum
845 1546 929 1591 est
955 1540 1122 1591 etiam
1150 1538 1400 1602 singulas
1428 1540 1547 1589 eius
1574 1544 1760 1601 partes
1786 1552 1910 1589 esse

223 1628 321 1678 per
368 1628 427 1666 se
473 1614 830 1678 expetendas.
886 1614 945 1664 ln
990 1613 1382 1665 enumerandis
1428 1619 1613 1664 autem
1660 1613 1908 1676 corporis

222 1689 530 1740 commodis
568 1690 614 1739 si
653 1689 777 1752 quis
812 1688 1260 1751 praetermissam
1296 1702 1330 1738 a
1365 1687 1527 1738 nobis
1562 1682 1907 1750 voluptatem
1934 1706 1980 1741 20

223 1763 453 1826 putabit,
483 1764 538 1813 in
569 1763 721 1813 aliud
751 1768 972 1826 tempus
999 1774 1065 1813 ea
1096 1763 1348 1825 quaestio
1377 1761 1686 1812 differatur.
1726 1766 1908 1812 utrum

223 1838 368 1888 enim
401 1838 472 1888 sit
502 1837 765 1900 voluptas
796 1838 851 1886 in
881 1837 949 1887 iis
981 1837 1161 1894 rebus·‚
1194 1850 1332 1899 quas
1364 1837 1570 1898 primas
1603 1835 1907 1886 secundum

222 1917 477 1962 naturam
512 1924 636 1962 esse
672 1910 928 1969 diximus»,
962 1921 1133 1962 necne
1169 1911 1238 1961 sit
1273 1910 1345 1960 ad
1379 1910 1451 1968 id⁵
1488 1909 1638 1972 quod
1673 1910 1907 1972 agimuS,

224 1985 359 2035 nihil
400 1986 642 2037 interest.
695 1986 742 2036 si
781 1985 942 2043 enim,
982 1989 1043 2035 ut
1083 1984 1215 2034 mihi
1258 1984 1480 2048 quidem
1521 1983 1754 2042 videtur,
1796 1997 1907 2034 non

224 2059 410 2122 explet
447 2059 594 2110 bona
631 2064 863 2110 naturae
900 2058 1178 2122 voluptas
1217 2059 1334 2109 iure
1374 2059 1764 2121 praetermissa
1801 2062 1909 2115 est;
1934 2077 1979 2112 ᾗ

225 2135 310 2184 sin
351 2139 537 2184 autem
579 2139 664 2184 est
702 2134 758 2183 in
799 2146 879 2191 ea,
924 2133 1072 2196 quod
1117 2132 1342 2196 quidam
1383 2131 1593 2190 volunt,
1635 2132 1773 2182 nihil
1809 2133 1908 2181 im-

225 2207 378 2270 pedit
426 2208 569 2258 hanc
615 2213 863 2258 nostram
914 2207 1462 2270 comprehensionem
1512 2207 1712 2257 summi
1762 2206 1909 2257 boni.

226 2295 367 2344 quae
411 2282 557 2333 enirn
605 2282 905 2332 constituta
950 2286 1078 2332 sunt
1121 2281 1299 2343 prima
1344 2286 1588 2339 naturae,
1633 2280 1705 2330 ad
1751 2293 1817 2331 ea
1863 2281 1908 2331 si

224 2356 486 2419 voluptas
523 2356 830 2414 accesserit,
867 2366 1039 2405 unum
1076 2354 1303 2417 aliquod
1340 2355 1631 2406 accesserit
1669 2368 1910 2405 commo-

302 2559 322 2599 1
358 2559 435 2600 ille
467 2558 653 2609 quidem
677 2559 802 2600 Mdv.
835 2559 947 2608 quid
978 2557 1055 2598 ille
1079 2557 1163 2598 BE
1195 2557 1381 2607 quidem
1414 2557 1490 2597 ille
1521 2556 1662 2598 RNV
1753 2556 1781 2598 3
1812 2559 1911 2596 tan-

224 2620 318 2659 tum
342 2618 467 2660 Mdv.
491 2622 647 2660 tamen
749 2617 777 2658 4
809 2618 945 2667 igitur
969 2620 1038 2658 est
1062 2615 1145 2657 BE
1251 2616 1305 2657 10
1330 2618 1486 2663 nostri,
1519 2619 1567 2657 ut
1592 2617 1682 2669 vim
1709 2616 1911 2665 corporis

223 2678 347 2719 Mdv.
372 2677 514 2719 nostri
537 2681 586 2718 ut
611 2675 814 2727 corporis
838 2673 971 2718 BER
1001 2678 1092 2716 vim
1118 2679 1167 2716 ut
1190 2677 1332 2717 nostri
1358 2676 1560 2725 corporis
1594 2670 1703 2724 (vim
1723 2675 1770 2714 in
1801 2685 1911 2720 ras„

225 2738 366 2778 nostri
392 2738 454 2778 ab
478 2739 562 2778 alt.
589 2749 646 2778 m.
672 2733 923 2788 superscr.)
956 2733 998 2776 N
1028 2739 1078 2776 ut
1107 2736 1199 2775 vim
1232 2737 1373 2776 nostri
1400 2736 1604 2784 corporis
1627 2733 1671 2774 V
1764 2733 1813 2772 11
1843 2744 1910 2773 re-

225 2797 311 2837 bus
342 2796 398 2837 iis
430 2793 554 2847 (hys)
586 2796 669 2836 BE
700 2797 835 2836 rebus
867 2791 981 2846 (pro
1014 2796 1104 2835 reb3
1135 2804 1189 2836 us
1212 2810 1261 2824 ===
1281 2795 1416 2835 rebus
1447 2791 1524 2844 iis)
1555 2791 1698 2834 RNV
1799 2793 1912 2842 ipsis

225 2866 314 2897 om;
346 2855 428 2896 BE
470 2853 538 2905 (υἱ
568 2857 783 2907 corporis
820 2856 1058 2906 autmiqne
1095 2856 1401 2905 opponuntur·
1443 2864 1518 2895 res
1556 2863 1638 2893 eae
1682 2853 1815 2902 ipsae
1854 2851 1911 2902 cf.

222 2926 270 2964 ρ.
289 2919 376 2964 179,
397 2912 525 2966 7sq.)
679 2914 732 2954 15
764 2914 810 2954 in
843 2910 975 2965 (post
1005 2909 1157 2964 quasi)
1189 2925 1278 2954 om.
1304 2911 1397 2953 NV
1545 2910 1602 2951 26
1636 2915 1788 2951 autem
1821 2922 1911 2951 om.

226 2973 369 3016 RNV
491 2975 677 3024 quidem
709 2973 845 3014 BER
