2046 3138
123 564 181 605 92

211 129 283 177 74
549 174 552 177 Α
629 120 716 166 DE
748 118 1002 166 FINIBUS
1035 118 1185 166 ΒοΝ.
1218 118 1297 164 ΕΤ
1329 120 1482 166 MAL.
1611 125 1999 166 mancas—29

213 263 337 312 licet
382 262 561 312 dicere
601 275 661 311 se
702 275 1094 323 acupenserem
1133 275 1366 312 maenae
1405 275 1518 312 non
1559 266 1908 323 anteponere.

214 338 300 387 cui
332 350 463 386 vero
498 337 553 385 in
585 335 870 398 voluptate
903 349 1180 385 summum
1207 335 1418 386 bonum
1444 340 1539 394 est,
1572 335 1699 385 huic
1723 337 1910 387 omnia

212 425 395 468 sensu,
429 424 541 460 non
575 411 785 460 ratione
818 415 944 459 sunt
985 409 1295 468 iudicanda,
1337 423 1514 472 eaque
1548 410 1783 460 dicenda
1814 424 1910 473 op-

213 487 359 542 tima,
393 498 536 547 quae
570 485 677 534 sint
709 484 1052 534 suavissima.

286 558 490 609 Verum
537 564 680 617 esto;
733 563 1100 621 consequatur
1147 572 1391 608 summas
1438 558 1750 621 voluptates
1797 573 1910 610 non
1956 569 1981 604 5

206 633 383 684 modo
419 647 604 696 parvo,
645 633 743 683 sed
778 647 872 695 per
906 647 994 683 me
1026 633 1214 691 nihilo,
1247 634 1293 683 si
1327 638 1530 696 potest;
1563 627 1631 683 sit
1654 633 1911 696 voluptas

213 722 327 759 non
360 709 537 759 minor
570 709 624 757 in
658 709 932 758 nasturcio
966 707 1076 765 illo,
1110 722 1221 770 quo
1253 709 1403 758 vesci
1437 707 1629 761 Persas
1671 721 1794 758 esse
1826 722 1913 759 so-

214 783 339 833 litos
384 783 566 832 scribit
605 781 936 844 Xenophon,
981 795 1148 845 quam
1193 783 1247 832 in
1293 781 1649 845 Syracusanis
1693 783 1913 840 mensis,

216 871 360 920 quae
393 871 426 906 a
458 857 686 907 Platone
719 858 953 920 graviter
984 857 1380 919 vituperantur;
1413 857 1495 915 sit,
1528 858 1769 920 inquam,
1801 862 1913 907 tam

215 931 401 990 faciliS,
435 945 602 994 quam
634 931 814 990 vultiS,
847 932 1183 993 comparatio
1208 931 1523 993 voluptati8‚
1557 931 1688 994 quid
1723 931 1793 981 de
1818 931 1914 982 do·
1939 940 1983 976 ¹⁰

215 1006 329 1056 lore
348 1006 632 1056 dicemus?
680 1007 834 1055 cuius
853 1010 1003 1056 tanta
1027 1011 1299 1056 tormenta
1323 1010 1464 1064 sunt,
1497 1010 1556 1055 ut
1579 1006 1634 1055 in
1661 1007 1726 1055 iis
1752 1005 1914 1056 beata

214 1082 342 1138 vita,
375 1081 419 1130 si
453 1080 622 1131 modo
650 1080 807 1131 dolor
832 1094 1110 1130 summum
1136 1079 1343 1129 malum
1371 1085 1466 1138 est,
1501 1094 1624 1130 esse
1648 1094 1761 1131 non
1788 1094 1914 1142 pos-

217 1156 298 1204 sit.
354 1156 472 1217 ipse
515 1155 661 1204 enim
694 1154 1053 1213 MetrodoruS,
1094 1168 1272 1216 paene
1305 1154 1438 1204 alter
1470 1154 1747 1217 Epicurus,
1788 1155 1915 1205 bea-

216 1234 332 1278 tum
374 1243 496 1280 esse
538 1229 793 1279 describit
833 1229 916 1279 his
957 1229 1066 1279 lere
1105 1229 1308 1279 verbis:
1353 1224 1497 1278 ‘cum
1541 1243 1738 1291 corpus
1772 1229 1915 1279 bene

146 1363 150 1368 Ι
208 1305 571 1357 constitutum
617 1305 685 1353 sit
725 1308 778 1354 et
817 1305 885 1353 sit
917 1303 1260 1366 exploratum
1301 1305 1376 1353 ita
1415 1298 1688 1353 futurum?
1755 1317 1826 1352 an
1859 1303 1914 1353 id
1940 1312 1985 1349 15

128 1754 185 1796 93

217 1378 559 1440 exploratum
593 1379 851 1441 cuiquam
886 1382 1067 1440 potest
1099 1392 1236 1436 esse,
1270 1391 1381 1440 quo
1408 1377 1577 1428 modo
1605 1392 1664 1427 se
1690 1378 1797 1428 hoc
1822 1377 1916 1427 ha-

217 1453 455 1502 biturum
488 1453 557 1502 sit
590 1466 802 1514 corpuS,
835 1466 948 1503 non
975 1452 1098 1503 dico
1133 1452 1203 1502 ad
1238 1466 1459 1510 annum,
1493 1452 1591 1502 sed
1625 1452 1695 1501 ad
1721 1466 1916 1514 vespe-

218 1528 374 1577 rum?
437 1526 594 1577 dolor
639 1540 784 1589 ergo,
835 1526 889 1576 id
935 1532 1017 1576 est
1059 1541 1338 1576 summum
1382 1526 1603 1585 malum,
1647 1531 1917 1577 metuetur

218 1615 448 1663 semper,
490 1602 703 1651 etiamsi
744 1615 856 1651 non
898 1601 1091 1659 aderit3
1135 1602 1244 1650 iam
1290 1602 1436 1651 enim
1476 1601 1674 1651 adesse
1707 1602 1916 1663 poterit.

218 1677 312 1738 qui
346 1680 527 1738 potest
558 1677 720 1738 igitur
745 1675 991 1726 habitare
1020 1677 1074 1725 in
1101 1675 1264 1725 beata
1287 1676 1401 1725 vita
1425 1676 1624 1725 summi
1651 1675 1780 1725 mali
1806 1689 1917 1725 me·
1939 1685 1985 1721 20

217 1751 342 1801 tus?
397 1749 659 1808 Traditur,
694 1751 882 1812 inquit,
916 1750 986 1800 ab
1020 1749 1250 1812 Epicuro
1284 1751 1420 1800 ratio
1455 1749 1788 1813 neglegendi
1822 1749 1918 1800 do-

217 1824 360 1875 loris,
416 1824 527 1874 Iam
561 1824 616 1874 id
649 1825 831 1886 ipsum
864 1824 1178 1882 absurdum,
1211 1825 1513 1873 maximum
1546 1823 1753 1873 malum
1786 1837 1917 1886 neg-

218 1899 341 1961 legi.
398 1898 495 1948 sed
530 1912 673 1960 quae
706 1898 930 1948 tandem
963 1900 1066 1948 ista
1101 1899 1237 1948 ratio
1278 1900 1396 1949 est?
1444 1897 1717 1947 Maximus
1744 1897 1915 1956 dolor,

218 1973 407 2035 inquit,
441 1973 621 2023 brevis
649 1977 744 2023 est.
795 1972 1033 2022 Primum
1060 1972 1192 2035 quid
1218 1977 1275 2022 tu
1302 1972 1436 2022 dicis
1462 1972 1667 2024 breve?
1715 1972 1916 2022 deinde

219 2046 467 2097 dolorem
501 2061 666 2110 quem
700 2048 1038 2098 maximum?
1093 2047 1225 2109 quid
1260 2048 1444 2098 enim?
1484 2061 1732 2096 summus
1759 2046 1916 2097 dolor
1939 2057 1984 2092 z

219 2121 401 2184 plures
443 2121 560 2171 dies
593 2135 815 2171 manere
856 2136 968 2171 non
1003 2123 1220 2183 potest?
1273 2121 1417 2179 vide,
1457 2135 1528 2171 ne
1569 2122 1733 2171 etiam
1766 2135 1916 2171 men-

219 2198 326 2246 ses!
369 2197 473 2245 nisi
499 2195 634 2246 forte
661 2210 787 2246 eum
807 2196 956 2254 dicis,
983 2197 1091 2258 qui,
1117 2195 1279 2245 simul
1305 2200 1471 2258 atque
1495 2196 1732 2261 arripuit,
1758 2196 1916 2245 inter-

219 2270 342 2320 ficit.
400 2271 521 2332 quis
556 2271 719 2319 istum
746 2270 993 2320 dolorem
1019 2271 1208 2320 timet?
1263 2269 1415 2319 illum
1441 2269 1662 2319 mallem
1689 2269 1914 2327 levares

219 2358 330 2407 quo
373 2346 642 2406 optimum
682 2349 848 2407 atque
888 2344 1346 2394 humanissimum
1390 2345 1582 2402 virum,
1627 2342 1721 2394 Cn.
1757 2342 1915 2393 Octa-

217 2419 384 2476 vium,
441 2418 606 2468 Marci
663 2418 850 2476 filium,
905 2418 1224 2468 familiarem
1280 2432 1480 2476 meum,
1537 2417 1731 2468 confici
1785 2418 1914 2475 vidi,
1938 2428 1984 2464 3ο

218 2506 322 2542 nec
360 2506 490 2543 vero
540 2492 711 2542 semel
766 2507 868 2543 nec
908 2492 978 2542 ad
1027 2493 1192 2543 breve
1232 2497 1465 2554 tempuS,
1511 2492 1609 2542 sed
1655 2496 1707 2542 et
1747 2505 1914 2554 saepe

295 2684 321 2723 4
362 2687 467 2723 sunt
497 2683 583 2723 BE
753 2683 801 2723 11
847 2684 903 2724 iis
934 2684 1058 2724 Mdv.
1099 2685 1170 2724 his
1202 2683 1337 2739 AssR
1384 2684 1468 2734 hys
1499 2683 1537 2723 B
1585 2684 1671 2732 hijs
1703 2682 1795 2724 Nv

223 2743 277 2784 13
317 2743 430 2783 alter
466 2736 673 2783 A²BEN
713 2743 842 2783 aliter
881 2736 993 2783 A¹R
1025 2742 1094 2783 alf
1124 2739 1207 2792 (=
1230 2740 1377 2792 aliter)
1411 2754 1548 2792 quam
1580 2742 1623 2783 V
1775 2741 1830 2782 16
1861 2753 1913 2783 se

220 2803 310 2842 hoc
343 2795 466 2841 A²E
499 2796 613 2852 (h’),
654 2813 705 2842 se
737 2802 853 2842 haec
885 2796 950 2842 Α1
989 2813 1041 2843 se
1081 2803 1156 2842 hic
1195 2801 1232 2842 B
1278 2813 1329 2843 se
1369 2802 1458 2843 hee
1489 2801 1527 2842 R
1569 2812 1621 2842 se
1662 2812 1713 2842 se
1746 2801 1833 2842 hec
1872 2801 1913 2841 N

220 2901 326 2931 sese
356 2890 398 2931 V
514 2890 567 2930 17
600 2901 839 2940 vesperam
872 2890 911 2932 R
948 2901 1109 2939 vespm
1141 2890 1183 2931 V
1292 2889 1346 2930 18
1378 2865 1410 2941 ἕ
1441 2886 1527 2939 (=
1553 2886 1684 2940 ergo)
1724 2889 1914 2931 ARNV

220 2950 356 2999 igitur
387 2949 472 2989 BE
594 2949 650 2989 22
684 2950 730 2990 id
762 2950 910 2990 Bentl.
944 2950 1003 2990 ad
1034 2949 1117 2989 BE
1149 2960 1239 2990 om.
1273 2949 1461 2990 ARNV
