2046 3138
147 341 200 382 21

239 129 310 179 96
666 120 751 165 DE
784 118 1037 165 FINIBUS
1071 117 1221 165 BON.
1254 118 1333 163 ET
1366 117 1517 163 MAL.
1676 122 2022 164 Lib.111c.6—7

239 275 347 325 que
379 265 620 319 naturae,
654 261 709 310 in
751 273 862 323 qua
894 260 1127 322 primum
1162 259 1344 308 inesse
1377 259 1566 320 incipit
1591 262 1644 308 et
1675 258 1933 322 intellegi,

237 336 370 399 quid
403 336 485 393 sit,
518 334 669 398 quod
700 347 830 384 vere
863 333 1071 384 bonum
1106 333 1279 395 possit
1304 332 1425 382 dici.
1482 333 1657 395 prima
1682 337 1764 382 est
1788 334 1933 383 enim

239 409 547 461 conciliatio
574 409 813 460 hominis
836 408 906 457 ad
934 421 1014 466 ea,
1041 420 1183 469 quae
1209 411 1335 457 sunt
1352 405 1656 457 secundum
1671 411 1936 457 naturam.

238 484 400 534 simul
434 488 618 534 autem
652 484 796 545 cepit
827 482 1257 544 intellegentiam
1290 481 1379 531 vel
1419 481 1703 532 notionem
1738 482 1936 543 potius,

152 582 153 585 =
189 564 194 567 ’
238 572 405 621 quam
434 557 714 620 appellant
747 553 974 604 ἔννοιαν
999 555 1089 614 illi,
1120 555 1368 618 viditque
1394 559 1571 605 rerum
1597 555 1935 618 agendarum
1982 566 2005 601 5

238 632 487 684 ordinem
515 637 581 690 et,
614 637 674 681 ut
697 633 773 682 ita
798 631 992 689 dicam,
1027 629 1393 688 concordiam,
1419 629 1592 680 multo
1620 643 1742 679 eam
1769 628 1936 692 pluris

239 707 549 757 aestimavit
575 719 740 769 quam
767 706 955 756 omnia
978 704 1085 763 illa,
1111 718 1254 767 quae
1281 704 1455 766 prima
1472 703 1746 770 dilexerat,
1772 708 1937 766 atque

239 782 314 832 ita
339 782 655 844 cognitione
681 785 734 830 et
757 781 968 830 ratione
994 778 1228 842 collegit,
1253 783 1312 828 ut
1329 782 1588 828 statueret
1603 778 1658 827 in
1678 791 1745 829 eo
1772 778 1938 829 collo-

240 861 421 905 catum
456 869 733 905 summum
767 854 901 904 illud
934 854 1174 905 hominis
1201 867 1296 915 per
1320 867 1380 903 se
1405 851 1745 902 laudandum
1771 857 1825 903 et
1850 866 1939 903 ex-

240 929 539 992 petendum
573 930 798 987 bonum,
840 928 990 991 quod
1033 942 1156 978 cum
1191 928 1431 990 positum
1466 928 1627 977 sitin
1663 940 1745 985 eo,
1786 927 1937 990 quod
1964 937 2008 972 10

239 998 543 1065 ὁμολογίαν
575 1003 758 1062 Stoici,
791 1017 894 1054 nos
921 1001 1264 1065 appellemus
1298 1002 1860 1059 convenientiam,
1893 1002 1938 1050 si

240 1078 433 1141 placet,
468 1103 538 1110 —
572 1092 696 1128 cum
737 1079 899 1140 igitur
938 1078 993 1127 in
1035 1091 1102 1128 eo
1136 1077 1205 1126 sit
1244 1076 1299 1129 id
1333 1076 1557 1134 bonum,
1599 1089 1709 1138 quo
1752 1077 1940 1126 omnia

239 1152 523 1203 referenda
547 1153 668 1211 sint,
701 1152 933 1202 honeste
958 1151 1102 1201 facta
1125 1152 1419 1213 ipsumque
1444 1149 1754 1208 honestum,
1788 1149 1939 1213 quod

240 1227 420 1278 solum
455 1228 510 1276 in
543 1227 704 1278 bonis
739 1226 963 1285 ducitur,
1006 1238 1347 1288 quamquam
1377 1229 1503 1287 post
1535 1225 1714 1282 oritur,
1754 1229 1939 1274 tamen

176 1359 179 1373 2
240 1301 295 1351 id
337 1301 516 1353 solum
548 1302 604 1351 vi
645 1315 746 1351 sua
787 1305 839 1351 et
879 1300 1144 1363 dignitate
1190 1298 1558 1362 expetendum
1601 1303 1703 1356 est;
1748 1312 1938 1349 eorum
1965 1308 2008 1342 15

241 1381 440 1434 autem,
481 1389 625 1438 quae
665 1380 791 1425 sunt
831 1375 1005 1437 prima
1043 1379 1285 1432 naturae,
1330 1378 1550 1435 propter
1589 1386 1649 1423 se
1689 1372 1823 1422 nihil
1858 1377 1940 1423 est

151 1440 207 1496 22

242 1450 625 1513 expetendum.
682 1463 806 1499 cum
830 1463 963 1499 vero
989 1448 1095 1507 illa,
1130 1461 1273 1511 quae
1304 1447 1486 1498 officia
1512 1461 1634 1497 esse
1659 1446 1785 1506 dixi,
1819 1461 1940 1509 pro-

240 1524 548 1575 ficiscantur
592 1524 661 1574 ab
707 1525 871 1574 initiis
916 1527 1157 1581 naturae,
1201 1535 1430 1572 necesse
1471 1526 1553 1572 est
1593 1535 1659 1572 ea
1691 1521 1762 1571 ad
1802 1521 1940 1571 haec

240 1599 434 1658 referri,
474 1603 533 1648 ut
565 1603 708 1649 recte
742 1598 848 1648 dici
882 1598 1057 1660 possit
1097 1598 1284 1648 omnia
1317 1595 1499 1646 officia
1539 1609 1607 1646 eo
1647 1595 1842 1654 referri,
1882 1600 1942 1646 ut

241 1673 610 1736 adipiscamur
653 1673 919 1735 principia
962 1676 1203 1730 naturae,
1247 1684 1351 1721 nec
1393 1675 1579 1721 tamen
1623 1675 1683 1720 ut
1722 1670 1830 1721 hoc
1872 1671 2010 1720 sitzo

241 1747 514 1798 bonorum
548 1747 814 1806 ultimum,
848 1751 1137 1809 propterea
1170 1745 1320 1808 quod
1353 1759 1466 1796 non
1499 1745 1641 1795 inest
1672 1745 1727 1794 in
1753 1744 1939 1806 primis

241 1827 468 1872 naturae
487 1821 963 1872 conciliationibus
982 1821 1216 1871 honesta
1233 1820 1399 1877 actio;
1426 1832 1773 1881 consequens
1792 1819 1938 1868 enim

244 1901 326 1957 est
358 1900 411 1946 et
443 1900 569 1958 post
601 1896 779 1954 oritur,
812 1899 872 1945 ut
904 1895 1029 1946 dixi.
1086 1899 1168 1945 est
1198 1898 1383 1944 tamen
1418 1906 1484 1944 ea
1516 1892 1820 1943 secundum
1846 1906 1940 1942 na-

242 1974 417 2020 turam
466 1969 752 2032 multoque
801 1983 903 2020 nos
950 1968 1020 2019 ad
1070 1982 1130 2019 se
1179 1967 1545 2030 expetendam
1593 1968 1771 2030 magis
1818 1966 1940 2017 hor-

244 2049 386 2094 tatur
419 2057 585 2107 quam
620 2044 902 2106 superiora
935 2044 1136 2094 omnia.
1964 2052 2009 2087 25

317 2117 427 2169 Sed
462 2132 528 2168 ex
553 2118 659 2169 hoc
685 2119 918 2180 primum
945 2131 1088 2168 error
1112 2116 1389 2168 tollendus
1417 2121 1512 2175 est,
1539 2129 1609 2166 ne
1635 2117 1757 2179 quis
1784 2116 1940 2179 sequi

244 2194 534 2251 existimet,
571 2197 631 2242 ut
664 2192 775 2243 duo
809 2193 917 2242 sint
948 2191 1140 2241 ultima
1171 2191 1459 2242 bonorum.
1490 2192 1734 2248 etenim,
1776 2191 1820 2240 si
1854 2191 1940 2239 cui

244 2268 586 2329 propositum
620 2268 689 2317 sit
721 2266 1019 2318 conliniare
1059 2266 1274 2316 hastam
1308 2265 1495 2328 aliquo
1537 2270 1631 2314 aut
1671 2265 1940 2327 sagittam,

244 2342 383 2391 sicut
415 2356 518 2392 nos
551 2341 804 2391 ultimum
837 2342 893 2390 in
926 2341 1087 2392 bonis
1114 2340 1362 2398 dicimuS,
1397 2333 1499 2403 [sic
1523 2339 1599 2389 illi
1624 2339 1801 2389 facere
1827 2352 1942 2389 om-

243 2416 349 2473 nia,
383 2429 526 2478 quae
560 2417 747 2477 possit,
780 2420 839 2465 ut
872 2408 1154 2477 conliniet]
1188 2414 1316 2463 huic
1347 2415 1402 2463 in
1437 2415 1553 2463 eius
1579 2413 1731 2464 modi
1757 2412 1941 2462 simili·
1963 2421 2010 2457 ao

322 2531 340 2571 1
378 2532 572 2582 intelligi
604 2532 686 2572 BE
718 2532 943 2583 intellegit
975 2532 1017 2572 A
1049 2531 1262 2582 intelligit
1294 2531 1432 2571 RNV
1577 2531 1602 2570 7
1637 2530 1871 2570 extimavit
1900 2528 1942 2569 V

244 2592 476 2631 estimabit
509 2587 724 2641 (existim.
756 2591 792 2632 E
823 2593 977 2632 extim.
1010 2589 1338 2642 NJ‘ABERN
1490 2589 1635 2640 primu
1679 2585 1729 2638 (ιῖ
1761 2590 1823 2629 ab
1855 2590 1940 2629 alt.

247 2663 304 2691 m.
341 2652 388 2690 in
422 2648 537 2701 ras.)
570 2651 612 2691 N
644 2652 790 2700 primo
822 2651 864 2692 V
988 2651 1042 2692 13
1074 2651 1166 2690 sint
1196 2649 1478 2691 ABERNV
1596 2649 1791 2689 honeste
1822 2647 1942 2687 facta

244 2710 367 2750 Mdv.
395 2711 552 2750 omnia
577 2711 774 2751 honeste
799 2706 1017 2759 (honesta
1040 2706 1098 2760 B)
1124 2709 1245 2750 iacta
1353 2708 1408 2749 14
1432 2708 1580 2749 solum
1606 2706 1688 2747 BE
1719 2718 1808 2747 om.
1843 2708 1940 2747 rell.

322 2768 375 2808 18
408 2769 468 2810 ad
499 2780 556 2810 ea
588 2770 675 2810 hec
706 2770 744 2810 R
829 2769 885 2809 22
919 2772 989 2810 est
1020 2770 1143 2809 enim
1176 2768 1259 2808 BE
1350 2767 1407 2808 27
1439 2767 1610 2808 etenIm
1643 2762 1719 2816 (cf.
1743 2778 1790 2816 p.
1811 2769 1942 2814 106,4

245 2829 415 2868 etenim
455 2829 515 2875 si;
563 2831 731 2869 contra
771 2840 819 2879 ρ.
846 2832 935 2878 107,
959 2833 985 2868 5
1027 2831 1077 2868 ut
1123 2829 1187 2874 si;
1232 2839 1279 2878 p.
1307 2831 1396 2876 110,
1424 2831 1476 2867 17
1511 2828 1561 2866 ut
1599 2821 1742 2873 enim)
1782 2823 1853 2865 Se.
1884 2828 1943 2864 .ut

246 2888 369 2926 enim
521 2887 577 2927 28
610 2888 788 2927 hastam
832 2887 988 2937 aliquo
1021 2887 1063 2927 N
1102 2890 1246 2927 astam
1289 2886 1446 2936 aliquo
1479 2884 1521 2925 A
1564 2884 1721 2934 aliquo
1763 2885 1941 2924 hastam

246 2944 329 2984 BE
362 2946 538 2986 hastam
573 2945 728 2995 aliqua
759 2946 801 2987 V
833 2948 1009 2987 hastam
1044 2942 1152 2995 (om.
1187 2942 1364 2994 aliquo)
1397 2944 1434 2985 R
1597 2943 1653 2983 29
1685 2944 1791 2984 secl.
1817 2943 1940 2984 Mdv.
