2046 3138
129 1341 185 1382 33

131 1788 187 1829 34

218 153 320 204 134
432 165 434 168 ·
636 146 722 192 DE
754 145 1007 192 FINIBUS
1040 145 1190 206 ΒΟΝ.
1223 145 1301 191 ΕΤ
1333 145 1486 191 MAL.
1586 149 1993 192 Lib.1Vc.13-14

214 285 636 343 scurationibus‚
683 298 826 348 quae
873 290 1098 348 propter
1149 284 1508 347 exiguitatem
1554 283 1649 333 vix
1698 289 1794 333 aut
1837 297 1906 333 ne

213 358 310 408 vixv
345 359 567 422 quidem
608 364 930 422 appareant.
986 358 1134 421 quid,
1175 358 1243 409 de
1286 372 1396 421 quo
1433 356 1587 408 nulla
1629 356 1904 408 dissensio

214 434 336 483 est?
383 447 546 484 nemo
586 434 732 484 enim
776 439 875 491 est,
915 433 1008 496 qui
1050 432 1209 483 aliter
1247 433 1446 483 dixerit
1489 433 1619 494 quin
1657 432 1904 482 omnium

214 513 535 558 naturarum
567 508 744 558 simile
774 514 920 559 esset
954 507 1026 565 id,
1055 507 1127 557 ad
1162 507 1312 570 quod
1341 506 1528 557 omnia
1561 505 1907 563 referrentur,

215 582 361 644 quod
401 587 485 632 est
522 581 776 633 ultimum
819 596 1000 632 rerum
1038 581 1494 645 appetendarum.
1545 581 1726 631 omnis
1761 580 1906 630 enim
1952 595 1975 628 5

215 662 298 706 est
335 661 533 707 natura
573 656 811 719 diligens
856 657 956 707 sui.
1006 669 1148 719 quae
1188 661 1273 706 est
1307 655 1468 713 enim,
1513 669 1652 717 quae
1691 668 1750 705 se
1789 669 1906 704 um-

217 745 379 793 quam
417 730 636 781 deserat
671 736 766 781 aut
805 736 1017 793 partem
1051 730 1295 792 aliquam
1334 730 1419 780 sui
1452 735 1547 780 aut
1584 729 1703 779 eius
1736 729 1909 791 partis

215 805 464 855 habitum
508 811 604 856 aut
646 805 760 855 vim
810 810 905 855 aut
947 804 1115 855 ullius
1163 818 1353 855 earum
1396 817 1593 862 rerum,
1643 817 1784 866 quae
1827 816 1909 854 se-

217 879 457 929 cundum
494 885 750 930 naturam
787 885 929 937 sunt,
970 884 1067 930 aut
1101 884 1313 929 motum
1353 883 1449 929 aut
1484 878 1728 928 statum?
1768 891 1909 940 quae

216 959 400 1005 autem
450 960 650 1005 natura
701 968 834 1005 suae
890 954 1101 1017 primae
1150 953 1514 1004 institutionis
1567 951 1740 1003 oblita
1787 952 1909 1002 est?
1933 966 1978 1001 10

216 1028 369 1078 nulla
404 1028 654 1091 profecto
694 1025 861 1094 (est),
904 1029 1035 1091 quin
1072 1042 1230 1078 suam
1268 1028 1382 1078 vim
1416 1028 1650 1078 retineat
1673 1041 1706 1076 a
1731 1026 1909 1089 primo

217 1102 286 1152 ad
337 1108 658 1154 extremum.
709 1117 819 1166 quo
873 1102 1043 1153 modo
1092 1103 1260 1166 igitur
1312 1102 1509 1159 evenit,
1557 1106 1618 1152 ut
1669 1101 1910 1151 hominis

124 1186 128 1188 ’
217 1183 415 1227 natura
464 1177 585 1228 sola
634 1183 794 1235 esset,
851 1191 993 1241 quae
1040 1177 1321 1228 hominem
1373 1176 1720 1238 relinqueret,
1770 1188 1911 1238 quae

218 1251 635 1303 oblivisceretur
671 1252 933 1314 corporis,
969 1265 1111 1314 quae
1152 1265 1429 1302 summum
1464 1251 1672 1300 bonum
1711 1263 1823 1300 non
1856 1249 1911 1298 in

218 1331 335 1377 toto
386 1327 624 1384 homine,
680 1327 777 1377 sed
837 1327 891 1376 in
946 1331 1101 1388 parte
1155 1325 1396 1376 hominis
1463 1325 1732 1388 poneret?
1799 1337 1909 1386 quo
1936 1339 1978 1373 15

218 1401 387 1451 modo
413 1406 613 1459 autem,
639 1400 789 1463 quod
821 1401 928 1462 ipsi
953 1401 1118 1451 etiam
1149 1400 1393 1451 fatentur
1419 1403 1743 1461 constatque
1772 1398 1913 1448 inter

219 1476 414 1533 omnis,
448 1475 867 1526 conservabitur
897 1480 959 1525 ut
996 1474 1174 1525 simile
1207 1474 1277 1524 sit
1312 1474 1560 1524 omnium
1590 1478 1911 1523 naturarum

219 1550 357 1600 illud
408 1550 680 1609 ultimum,
734 1550 802 1601 de
860 1563 970 1613 quo
1023 1549 1341 1612 quaeritur?
1395 1553 1513 1599 tum
1564 1548 1710 1599 enim
1765 1551 1912 1597 esset

223 1624 415 1682 simile,
462 1625 507 1675 si
554 1625 608 1674 in
657 1625 850 1675 ceteris
897 1637 1118 1687 quoque
1162 1623 1376 1674 naturis
1423 1622 1478 1672 id
1521 1622 1718 1684 cuique
1763 1626 1910 1672 esset

218 1699 488 1757 ultimum,
523 1699 673 1762 quod
707 1700 762 1749 in
802 1713 1019 1762 quaque
1053 1698 1357 1750 excelleret.
1404 1697 1514 1748 tale
1546 1697 1692 1747 enim
1729 1697 1911 1746 visum
1934 1711 1980 1746 20

218 1779 302 1824 est
343 1773 599 1825 ultimum
642 1773 970 1825 Stoicorum.
1031 1772 1177 1829 Quid
1222 1772 1444 1823 dubitas
1490 1772 1658 1834 igitur
1698 1775 1911 1821 mutare

221 1848 491 1911 principia
542 1849 812 1898 naturae?
878 1847 1010 1910 quid
1069 1847 1215 1898 enim
1271 1846 1408 1896 dicis
1466 1858 1628 1896 omne
1690 1843 1911 1901 animal,

222 1922 385 1972 simul
417 1928 583 1985 atque
617 1923 686 1972 sit
723 1927 920 1979 ortum,
953 1920 1292 1984 applicatum
1328 1934 1451 1971 esse
1482 1919 1555 1970 ad
1592 1933 1650 1969 se
1683 1918 1914 1981 diligen-

222 1997 351 2046 dum
408 2010 641 2059 esseque
695 1997 750 2046 in
812 2010 871 2047 se
915 1994 1298 2046 conservando
1346 1994 1716 2056 occupatum?
1781 1993 1912 2055 quin

222 2072 408 2133 potius
444 2072 522 2121 ita
558 2071 710 2128 dicis,
752 2084 915 2122 omne
947 2069 1155 2120 ‘animal
1195 2068 1536 2133 applicatum
1571 2081 1694 2118 esse
1734 2066 1806 2117 ad
1841 2066 1912 2124 id,
1935 2082 1980 2118 25

223 2145 368 2208 quod
409 2146 461 2195 in
500 2159 566 2196 eo
609 2145 680 2195 sit
715 2145 1002 2208 optimum,
1041 2149 1096 2194 et
1129 2144 1184 2193 in
1225 2144 1344 2194 eius
1378 2143 1542 2192 unius
1582 2146 1911 2204 occupatum

222 2233 344 2270 esse
387 2219 655 2277 custodia,
697 2218 1049 2281 reliquasque
1095 2223 1323 2268 naturas
1362 2216 1498 2267 nihil
1543 2215 1696 2266 aliud
1736 2228 1915 2278 agere,

223 2294 329 2344 nisi
366 2299 427 2344 ut
466 2293 522 2343 id
567 2298 909 2351 conservent,
949 2292 1099 2355 quod
1141 2292 1196 2341 in
1235 2305 1453 2354 quaque
1496 2291 1767 2353 optimum
1807 2289 1914 2339 sit?

223 2382 333 2430 quo
357 2367 528 2419 modo
552 2373 736 2418 autem
768 2367 1055 2429 optimum,
1080 2367 1125 2417 si
1155 2366 1362 2416 bonum
1387 2370 1672 2428 praeterea
1701 2363 1913 2413 nullum

223 2443 345 2493 est?
405 2443 489 2492 sin
539 2447 724 2492 autem
778 2441 991 2503 reliqua
1040 2439 1357 2503 appetenda
1410 2444 1551 2496 sunt,
1601 2452 1709 2496 cur,
1764 2437 1982 2500 quodso

224 2521 309 2567 est
358 2515 614 2567 ultimum
669 2529 850 2566 rerum
911 2514 1366 2578 appetendarum,
1419 2513 1476 2563 id
1532 2526 1644 2563 non
1696 2517 1792 2562 aut
1847 2525 1915 2561 ex

298 2689 324 2729 2
357 2689 482 2729 nulla
513 2689 595 2730 BE
629 2689 769 2730 multa
800 2689 939 2730 RNV
1073 2688 1099 2728 4
1132 2688 1401 2728 referrentur
1430 2686 1465 2727 E
1498 2686 1745 2727 referentur
1775 2683 1812 2723 B
1847 2694 1913 2724 re-

222 2749 424 2790 feruntur
464 2748 602 2790 RNV
771 2748 820 2788 11
864 2750 975 2790 add.
1016 2749 1138 2789 Mdv.
1180 2743 1325 2797 (nulla
1365 2749 1435 2788 est
1475 2745 1680 2795 profecto
1725 2742 1804 2784 Gz.
1845 2745 1915 2783 est

223 2809 348 2849 nulla
372 2808 578 2858 profecto
598 2805 720 2859 Bai.)
816 2807 869 2848 17
894 2811 1152 2848 naturarum
1179 2808 1292 2848 dett.
1318 2805 1523 2846 naturale
1614 2803 1667 2843 21
1697 2805 1766 2843 est
1790 2802 1913 2843 Mdv.

224 2870 347 2908 esset
500 2868 707 2908 ultimum
755 2860 916 2908 BN²V
962 2867 1107 2907 ultimi
1154 2859 1309 2907 ΕΗΝ1
1463 2863 1518 2904 22
1567 2863 1682 2903 dicis
1735 2861 1914 2902 BERN

224 2938 313 2968 om.
356 2927 398 2968 V
549 2927 602 2968 31
649 2927 1013 2977 appetendarum
1056 2926 1098 2967 V
1145 2925 1458 2975 appetendum
1505 2922 1635 2963 BER
1689 2925 1913 2971 appeten-

224 2987 335 3026 tium
368 2986 408 3026 N
