2046 3138
141 1015 197 1056 82

240 131 342 181 196
416 135 418 138 ·
658 123 744 169 DE
777 121 1029 169 FINIBUS
1063 121 1212 189 BON.
1245 122 1324 168 ET
1356 122 1508 170 MAL.
1623 127 2014 170 Lib.Vc.27—28

236 261 473 324 sapienS,
511 261 816 324 sapientem
854 274 977 312 esse
1012 274 1123 311 non
1159 274 1283 312 esse
1319 260 1390 311 ad
1427 260 1586 311 beate
1618 260 1918 312 vivendum

218 335 384 386 satis.

300 409 472 460 Immo
507 422 656 467 vero,
694 409 885 473 inquit,
922 409 993 460 ad
1030 409 1348 460 beatissime
1384 408 1686 460 vivendum
1724 422 1918 472 parum

233 489 331 541 est,
363 483 433 534 ad
469 484 628 535 beate
658 497 791 535 vero
826 484 976 535 satis.

298 557 696 616 Animadverti,
733 558 974 620 inquam,
1013 564 1066 609 te
1102 558 1210 609 isto
1247 557 1416 608 modo
1455 557 1624 620 paulo
1662 563 1788 608 ante
1823 571 1921 620 po·
1967 572 1990 606 5

231 645 375 690 nere,
413 637 467 683 et
507 633 621 683 scio
660 632 730 682 ab
767 631 1042 683 Antiocho
1081 637 1273 683 nostro
1314 631 1420 683 dici
1457 633 1536 683 sic
1575 631 1778 689 solere;
1819 630 1917 682 sed

233 706 365 768 quid
408 707 590 756 minus
639 706 990 769 probandum
1033 720 1198 768 quam
1239 719 1364 757 esse
1406 705 1649 768 aliquem
1698 706 1920 756 beatum

230 793 331 831 nec
365 780 500 831 satis
535 780 799 831 beatum?
844 780 994 843 quod
1029 786 1214 831 autem
1252 781 1386 831 satis
1421 785 1519 838 est,
1551 793 1618 830 eo
1657 779 1916 843 quicquid

230 855 476 913 accessit,
509 855 740 904 nimium
777 860 884 912 est;
919 860 972 905 et
1006 868 1169 905 nemo
1204 855 1434 904 nimium
1470 854 1666 905 beatus
1697 859 1804 912 est;
1842 855 1918 904 ita

228 942 392 979 nemo
431 928 596 980 beato
638 928 866 980 beatior.
1946 943 1990 979 ιο

295 1002 455 1066 Ergo,
486 1003 677 1066 inquit,
711 1003 809 1054 tibi
843 1002 905 1059 Q.
921 1002 1193 1061 Metellus,
1227 1004 1319 1066 qui
1352 1004 1450 1054 tris
1482 1002 1633 1053 filios
1662 1002 1918 1053 consules

227 1077 382 1135 vidit,
438 1091 468 1127 e
517 1077 717 1140 quibus
763 1091 934 1127 unum
981 1078 1147 1128 etiam
1194 1083 1248 1128 et
1295 1091 1578 1128 censorem
1622 1082 1676 1128 et
1709 1077 1916 1127 trium-

228 1151 505 1214 phantem,
553 1157 809 1214 quartum
857 1157 1042 1203 autem
1090 1157 1416 1214 praetorem,
1462 1165 1670 1214 eosque
1728 1150 1916 1201 salvos

227 1225 448 1288 reliquit
481 1231 535 1276 et
571 1226 669 1277 tris
705 1225 855 1276 filias
889 1231 1108 1288 nuptas,
1146 1239 1268 1276 cum
1305 1227 1426 1288 ipse
1459 1225 1667 1284 consul,
1707 1238 1914 1283 censor,

226 1300 392 1350 etiam
446 1314 625 1363 augur
679 1299 879 1351 fuisset
934 1297 1058 1366 <et>
1111 1299 1521 1362 triumphasset,
1576 1305 1636 1350 ut
1692 1300 1914 1362 sapiens
1943 1316 1986 1350 15

227 1373 408 1432 fuerit,
437 1387 621 1425 nonne
652 1374 865 1425 beatior
895 1388 1076 1437 quam,
1106 1380 1166 1425 ut
1197 1375 1326 1425 item
1359 1374 1582 1436 sapiens
1608 1373 1789 1432 fuerit,
1823 1374 1915 1436 qui

227 1449 281 1498 in
313 1453 588 1511 potestate
619 1448 862 1499 hostium
893 1448 1100 1511 vigiliis
1131 1454 1184 1499 et
1216 1448 1400 1499 inedia
1430 1453 1658 1499 necatus
1684 1453 1782 1507 est,
1818 1447 1916 1498 Re-

137 1562 207 1611 28
224 1522 430 1585 gulus?

137 1633 193 1674 83

293 1596 439 1652 Quid
485 1610 573 1647 me
620 1597 769 1648 istud
816 1598 1022 1660 rogas?
1066 1598 1307 1660 inquam.
1365 1596 1581 1648 Stoicos
1628 1609 1779 1659 roga.

293 1670 438 1727 Quid
478 1672 660 1734 igitur,
701 1672 891 1734 inquit,
930 1685 1028 1722 eos
1066 1685 1434 1734 responsuros
1474 1672 1678 1734 putas?
1938 1686 1985 1722 20

292 1745 479 1796 Nihilo
518 1746 821 1796 beatiorem
863 1759 985 1796 esse
1026 1745 1310 1797 Metellum
1351 1759 1516 1808 quam
1559 1744 1846 1808 Regulum.

292 1819 424 1870 Inde
460 1819 642 1882 igitur,
682 1820 872 1883 inquit,
911 1819 1241 1870 ordiendum
1279 1826 1377 1870 est.

291 1892 497 1944 Tamen
535 1908 568 1943 a
608 1894 912 1956 proposito,
952 1895 1192 1956 inquam,
1230 1893 1567 1945 aberramus.
1616 1907 1726 1944 non
1766 1893 1911 1943 enim

226 1981 431 2030 quaero
479 1967 610 2030 quid
659 1981 866 2026 verum,
914 1967 1011 2018 sed
1061 1967 1192 2030 quid
1241 1969 1437 2030 cuique
1485 1967 1780 2018 dicendum
1826 1969 1911 2018 sit.

163 2071 166 2076 ·
225 2042 435 2092 utinam
481 2041 703 2104 quidem
751 2041 994 2092 dicerent
1052 2041 1222 2092 alium
1267 2041 1378 2093 alio
1423 2041 1747 2093 beatiorem!
1802 2042 1910 2091 iam
1937 2059 1983 2095 25

226 2116 413 2166 ruinas
442 2115 676 2167 videres
718 2117 772 2165 in
801 2117 1003 2166 virtute
1032 2117 1177 2167 enim
1209 2115 1329 2167 sola
1358 2121 1411 2167 et
1436 2117 1490 2166 in
1523 2116 1646 2178 ipso
1677 2116 1911 2166 honesto

227 2204 348 2240 cum
383 2190 453 2241 sit
486 2190 692 2241 bonum
727 2191 985 2252 positum,
1021 2204 1254 2253 cumque
1286 2204 1388 2241 nec
1418 2191 1609 2248 virtus,
1639 2195 1698 2241 ut
1734 2189 1913 2252 placet

226 2263 350 2322 illis,
393 2278 494 2315 nec
535 2264 830 2315 honestum
875 2270 1097 2322 crescat,
1142 2264 1308 2327 idque
1352 2264 1558 2315 bonum
1604 2263 1784 2314 solum
1827 2264 1911 2322 sit,

224 2352 333 2400 quo
364 2339 455 2400 qui
485 2339 744 2400 potiatur,
772 2351 998 2389 necesse
1025 2344 1109 2389 est
1134 2338 1331 2389 beatus
1360 2339 1445 2397 sit,
1478 2352 1601 2389 cum
1634 2337 1690 2388 id
1722 2338 1913 2400 augeri

226 2426 336 2462 non
373 2412 564 2475 possit,
602 2412 656 2462 in
693 2426 802 2475 quo
838 2426 949 2463 uno
987 2413 1230 2475 positum
1267 2418 1350 2463 est
1381 2412 1603 2463 beatum
1642 2425 1779 2470 esse,
1819 2411 1909 2474 qui
1937 2430 1983 2465 30

304 2599 322 2640 1
360 2611 454 2641 non
487 2611 592 2641 esse
624 2611 713 2641 om.
746 2600 784 2641 R
927 2601 1038 2641 satis
1070 2611 1174 2641 esse
1206 2600 1265 2640 ad
1297 2601 1432 2641 beate
1462 2600 1710 2640 vivendum
1743 2598 1825 2639 BE

226 2659 252 2699 4
284 2670 392 2700 vero
425 2671 515 2700 om.
548 2659 635 2700 BE
778 2659 805 2699 5
839 2660 977 2708 paulo
1012 2656 1135 2708 ante]
1165 2671 1213 2711 p.
1242 2664 1329 2709 191,
1357 2663 1519 2700 13—16
1660 2658 1688 2699 9
1720 2658 1914 2698 accessit

227 2717 275 2759 C.
292 2719 339 2760 F.
362 2719 423 2759 W.
441 2719 561 2759 Mne.
594 2719 838 2759 accesserit
929 2720 992 2759 ita
1022 2718 1141 2760 Dav.
1175 2722 1220 2759 et
1333 2718 1385 2759 12
1414 2720 1530 2770 post
1558 2718 1911 2766 triumphantem

225 2779 336 2819 add.
368 2779 481 2819 vidit
518 2777 604 2819 BE
759 2777 812 2818 14
843 2778 921 2819 tris
952 2779 1054 2819 Bai.
1087 2781 1176 2819 tres
1299 2789 1462 2819 censor
1501 2777 1662 2818 consul
1693 2775 1825 2817 BEV

228 2837 280 2876 15
314 2838 450 2877 etiam
477 2838 591 2878 dett.
617 2841 740 2878 esset
765 2834 873 2886 (eet,
900 2854 956 2869 ==
982 2841 1118 2884 esset,
1149 2839 1376 2888 scriptum
1403 2839 1476 2878 est
1501 2847 1591 2887 pro
1616 2835 1664 2877 et
1681 2852 1736 2866 =
1753 2832 1910 2884 etiam)

297 2897 409 2937 add.
443 2897 546 2937 edd.
680 2896 733 2937 19
773 2899 960 2947 inquam
1002 2907 1137 2947 rogas
1175 2895 1258 2936 BE
1387 2896 1444 2936 22
1485 2895 1755 2935 ordiendum
1787 2895 1911 2935 Mdv.

223 2955 502 2995 audiendum
625 2957 681 2996 24
714 2958 927 3006 cuiquam
961 2955 1043 2996 BE
1164 2955 1221 2995 29
1254 2956 1410 3005 augeri
1443 2955 1489 2994 id
1521 2954 1603 2994 BE
