2046 3138
161 1031 218 1071 86

251 148 354 199 198
419 131 420 134 ’
670 142 756 187 DE
789 141 1043 189 FINIBUS
1075 141 1226 189 BON.
1259 142 1338 189 ΕΤ
1370 142 1522 190 MAL.
1635 148 2026 191 navam—29

245 278 388 330 enim
422 279 493 329 ad
529 277 799 343 populum
830 293 919 331 me
949 293 1133 339 vocas
1166 293 1308 339 eum,
1342 281 1434 344 qui
1462 281 1539 332 ita
1573 281 1644 333 sit
1674 281 1930 341 affectus,

223 352 468 404 ‘beatum
521 367 644 404 esse
696 367 998 418 numquam
1051 353 1339 417 probabis;
1392 356 1438 406 si
1489 355 1562 405 ad
1616 355 1931 419 prudenteS,

246 426 480 478 alterum
519 426 759 479 fortasse
801 427 1146 486 dubitabunt,
1187 429 1327 480 sitne
1366 434 1581 480 tantum
1619 430 1675 480 in
1713 431 1931 490 virtute,

246 506 306 552 ut
328 515 394 552 ea
418 501 654 564 praediti
675 501 800 553 vel
787 517 841 552 1n
866 502 1177 553 Phalaridis
1200 508 1359 554 tauro
1378 503 1525 554 beati
1552 504 1675 563 sint,
1699 504 1932 555 alterurn

245 589 356 627 non
387 575 734 635 dubitabunt,
765 577 896 640 quin
925 582 979 628 et
1006 575 1175 628 Stoici
1206 578 1590 671 convenientia
1620 578 1723 629 sibi
1749 577 1934 630 dicant
1980 594 2002 628 5

246 655 301 700 et
335 664 439 701 vos
478 651 862 714 repugnantia.

313 723 681 787 Theophrasti
724 725 906 788 igitur,
950 725 1142 789 inquit,
1186 725 1283 777 tibi
1327 725 1464 777 liber
1507 726 1599 778 ille
1642 726 1823 790 placet
1863 727 1932 778 de

244 798 408 849 beata
437 799 591 850 vita?

313 871 520 923 Tamen
553 873 875 924 aberramus
908 887 942 924 a
974 874 1279 937 proposito,
1311 879 1380 932 et,
1413 887 1482 925 ne
1514 873 1753 938 longius,
1783 888 1937 938 pror-

249 961 361 1005 sus,
395 947 635 1010 inquam,
674 947 817 1006 Piso,
854 948 899 999 si
937 948 1043 999 ista
1078 947 1226 998 mala
1262 954 1404 1007 sunt,
1438 948 1633 1011 placet.
1961 965 2005 1000 10

316 1021 513 1072 Nonne
553 1021 722 1084 igitur
762 1021 860 1073 tibi
900 1022 1172 1081 videntur,
1214 1023 1405 1086 inquit,
1445 1022 1632 1073 mala?

315 1095 373 1145 Id
402 1096 637 1159 quaeris,
664 1096 904 1159 inquam,
930 1097 984 1146 in
1011 1110 1136 1159 quo,
1163 1102 1346 1148 utrum
1371 1097 1728 1160 respondem,
1746 1111 1936 1149 verses

249 1174 303 1220 te
340 1169 449 1220 huc
487 1175 654 1233 atque
693 1169 825 1221 illuc
861 1184 1088 1222 necesse
1126 1176 1226 1222 est.

316 1242 440 1300 Quo
484 1244 709 1295 tandem
755 1244 965 1296 modo?
1018 1245 1210 1308 inquit.

316 1317 474 1376 Quia,
516 1319 562 1369 si
604 1318 753 1369 mala
794 1324 936 1377 sunt,
978 1319 1040 1378 is,
1083 1320 1175 1383 qui
1218 1319 1320 1370 erit
1356 1319 1412 1370 in
1456 1320 1538 1378 iis,
1581 1319 1778 1372 beatus
1818 1334 1934 1371 non
1961 1337 2006 1373 15

250 1392 376 1448 erit;
417 1393 463 1458 si
505 1392 653 1443 mala
691 1406 803 1444 non
845 1398 987 1452 sunt,
1028 1394 1169 1444 iacet
1209 1395 1390 1445 omnis
1427 1395 1568 1452 ratio
1608 1394 1935 1457 Peripateti-

249 1480 454 1517 corum.

315 1540 380 1592 Et
420 1540 513 1592 ille
555 1541 768 1592 ridens:
808 1541 1002 1600 Video,
1044 1542 1236 1605 inquit,
1281 1542 1413 1606 quid
1456 1556 1618 1606 agas;
1656 1557 1726 1594 ne
1772 1542 1934 1594 disci-

250 1614 444 1678 pulum
483 1615 773 1675 abducam,
814 1615 991 1667 times.

315 1688 398 1739 Tu
428 1703 577 1748 vero,
611 1689 852 1753 inquam,
886 1689 1058 1742 ducas
1090 1690 1230 1750 licet,
1264 1691 1310 1742 si
1344 1696 1627 1754 sequetur;
1654 1692 1757 1742 erit
1789 1692 1935 1743 enim
1962 1709 2008 1744 20

250 1777 480 1822 mecum,
522 1764 568 1815 si
610 1769 791 1815 tecum
831 1765 948 1816 erit.

162 1844 234 1893 29
315 1836 464 1887 Audi
519 1838 702 1901 igitur,
758 1839 950 1902 inquit,
1005 1838 1162 1897 Luci;
1217 1844 1397 1890 tecum
1469 1840 1614 1891 enim
1670 1839 1804 1890 mihi
1856 1840 1937 1890 in-

163 2145 218 2185 87

251 1911 532 1962 stituenda
576 1913 754 1963 oratio
802 1918 900 1964 est.
947 1911 1140 1964 Omnis
1186 1914 1487 1965 auctoritas
1533 1913 1937 1977 philosophiae,

250 1990 312 2037 ut
365 1986 442 2037 ait
498 1985 930 2049 Theophrastus
987 1987 1239 2038 consistit
1292 1988 1348 2038 in
1404 1987 1568 2039 beata
1622 1988 1738 2038 vita
1790 2002 1937 2039 com-

251 2056 525 2124 paranda3
553 2061 713 2113 beate
744 2061 889 2112 enim
918 2061 1143 2112 vivendi
1174 2061 1477 2125 cupiditate
1506 2062 1714 2113 incensi
1744 2076 1937 2114 omnes
1961 2081 2008 2116 25

253 2149 461 2186 sumuS.
498 2135 605 2187 hoc
641 2135 774 2186 mihi
813 2149 936 2186 cum
975 2140 1071 2187 tuo
1111 2134 1281 2187 fratre
1320 2137 1590 2187 convenit.
1625 2141 1812 2199 quare·
1834 2136 1940 2187 hoc

251 2209 555 2260 videndum
583 2214 681 2268 est,
712 2210 961 2273 possitne
987 2210 1148 2261 nobis
1176 2209 1282 2261 hoc
1308 2211 1449 2261 ratio
1478 2210 1938 2273 philosophorum

254 2283 402 2334 dare.
447 2283 738 2346 pollicetur
775 2289 933 2335 certe.
978 2284 1085 2334 nisi
1119 2285 1265 2335 enim
1302 2283 1359 2334 id
1395 2283 1614 2342 faceret,
1648 2298 1743 2334 cur
1779 2284 1937 2336 Plato

252 2357 570 2422 Aegyptum
607 2358 938 2421 peragravit,
974 2363 1036 2409 ut
1070 2372 1103 2408 a
1139 2357 1520 2409 sacerdotibus
1555 2357 1804 2409 barbaris
1839 2372 1939 2408 nu-

252 2445 434 2483 meros
474 2437 528 2483 et
569 2431 828 2483 caelestia
867 2432 1177 2495 acciperet?
1228 2445 1323 2482 cur
1362 2437 1490 2495 post
1529 2431 1825 2483 Tarentum
1863 2432 1934 2483 ad
1964 2451 2010 2487 so

330 2559 379 2600 11
415 2570 574 2601 nonne
616 2561 764 2610 inquit
802 2561 938 2610 igitur
978 2561 1060 2600 tibi
1102 2561 1313 2601 videntur
1350 2560 1433 2602 BE
1586 2559 1638 2600 12
1671 2558 1722 2600 Id
1760 2560 1942 2609 quaeris

253 2619 303 2659 P.
319 2619 446 2659 Man.
479 2619 526 2659 id
558 2629 723 2669 queres
754 2618 838 2660 BE
875 2619 1019 2669 quue
1051 2630 1122 2660 res
1153 2619 1191 2661 R
1231 2619 1280 2660 Id
1313 2630 1404 2670 que
1435 2630 1506 2660 res
1537 2619 1579 2660 V
1695 2621 1840 2658 utrum
1873 2628 1941 2658 re-

252 2678 485 2727 spondero
510 2679 668 2720 Lamb.
700 2681 845 2719 utrum
880 2680 1174 2728 respondebo
1199 2679 1236 2720 R
1275 2680 1357 2720 tibi
1397 2682 1543 2719 utrum
1577 2677 1870 2727 respondebo
1899 2676 1941 2718 V

254 2737 547 2786 respondebo
591 2741 736 2778 utrum
780 2738 863 2779 BE
1006 2738 1064 2778 20
1095 2742 1312 2789 sequatur
1341 2738 1430 2780 RV
1571 2737 1627 2778 22
1667 2737 1789 2777 enim
1829 2736 1941 2776 mihi

252 2796 409 2837 Lamb.
441 2797 564 2837 enim
598 2793 688 2846 (est
710 2794 771 2848 V)
803 2801 853 2838 ut
883 2798 946 2838 ait
976 2798 1301 2848 theophrastus
1333 2798 1444 2838 mihi
1557 2796 1614 2837 23
1647 2795 1797 2836 omnis
1822 2797 1940 2836 auct.

349 2857 660 2905 comparanda
690 2856 809 2898 Non.
839 2869 888 2908 p.
911 2862 994 2898 256
1139 2857 1197 2898 24
1235 2860 1285 2897 ut
1316 2858 1379 2898 ait
1409 2855 1752 2905 Theophrastus
1783 2854 1940 2895 Lamb.

253 2926 342 2954 om.
367 2914 547 2956 BERV
568 2915 689 2960 Non.
822 2917 1024 2957 constitit
1055 2909 1256 2966 (,‚LBA“
1280 2912 1506 2966 Lindsay)
1536 2914 1657 2956 Non.
1785 2913 1843 2954 25
1874 2914 1940 2953 vi-

255 2974 393 3017 vendi
522 2976 738 3017 convenit
768 2975 887 3018 Non.
917 2987 966 3027 p.
990 2981 1065 3018 271
1188 2976 1245 3016 26
1277 2972 1384 3024 hoc]
1418 2978 1556 3024 atque
1588 2974 1678 3014 hoc
1708 2972 1828 3017 Non.
