2046 3138
56 173 85 225 §
112 173 286 215 28—32
416 141 419 144 ’
566 167 651 214 DE
684 166 938 214 Flmssus
971 165 1121 212 BON.
1155 165 1233 211 ET
1267 163 1419 211 MAL.
1742 169 1844 219 133

148 313 330 359 autem
362 307 417 358 id
447 322 558 358 non
593 306 942 364 concedatur,
970 319 1081 357 non
1116 304 1377 356 continuo
1405 303 1521 354 vita
1554 302 1716 353 beata
1743 299 1847 351 tol-

150 382 293 434 litur.
338 382 486 433 bona
521 387 706 433 autem
748 380 996 444 corporis
1031 380 1160 430 huic
1198 383 1340 436 sunt,
1377 376 1527 441 quod
1568 375 1845 440 posterius

151 458 329 520 posui,
362 456 644 508 similiora.
686 456 891 507 habent
927 456 1073 506 enim
1105 454 1480 505 accessionem
1517 451 1760 515 dignam,
1792 450 1846 499 in

151 545 260 595 qua
291 531 619 589 elaboretur,
653 536 713 582 ut
751 531 883 581 mihi
917 531 972 580 in
1008 530 1115 581 hoc
1145 528 1314 580 Stoici
1352 527 1520 578 iocari
1551 526 1847 577 videantur

105 625 127 658 5
150 607 442 664 interdum,
473 620 595 657 cum
625 606 701 657 ita
736 605 935 664 dicant,
966 605 1010 656 si
1044 604 1116 655 ad
1146 603 1297 654 illam
1330 603 1518 660 vitam,
1549 614 1690 663 quae
1723 614 1845 650 cum

150 682 352 732 virtute
391 681 640 744 degatur,
680 679 929 743 ampulla
971 684 1067 730 aut
1107 678 1334 741 strigilis
1376 676 1619 734 accedat,
1659 688 1847 736 sump-

150 761 330 806 turum
368 756 674 818 sapientem
709 769 831 806 eam
868 755 1042 805 vitam
1075 754 1277 816 potius,
1317 765 1426 815 quo
1458 751 1596 801 haec
1631 749 1848 799 adiecta

151 830 274 888 sint,
310 843 412 881 nec
447 830 751 880 beatiorem
793 835 978 880 tamen
1017 828 1087 878 ob
1129 841 1251 878 eam
1290 839 1516 877 causam
1558 824 1694 875 fore.
1741 823 1847 873 hoc
1878 830 1930 871 31

151 904 329 955 simile
371 904 596 955 tandem
640 905 762 955 est?
821 918 933 954 non
976 904 1090 954 risu
1139 902 1325 965 potius
1369 915 1535 964 quam
1594 898 1845 950 oratione

84 997 127 1032 ιο
150 979 499 1029 eiciendum?
540 978 789 1041 ampulla
820 978 965 1029 enim
1004 978 1074 1028 sit
1104 989 1275 1028 necne
1312 976 1396 1034 sit,
1428 975 1551 1037 quis
1586 987 1698 1024 non
1729 973 1846 1022 iure

150 1054 363 1116 optimo
395 1053 702 1111 irrideatur,
736 1053 782 1103 si
819 1052 1071 1103 laboret?
1113 1056 1169 1102 at
1202 1065 1336 1101 vero
1369 1049 1642 1113 pravitate
1678 1060 1848 1098 mem-

146 1127 371 1179 brorum
408 1132 463 1179 et
498 1128 742 1178 cruciatu
781 1127 1038 1178 dolorum
1079 1126 1124 1176 si
1160 1125 1283 1188 quis
1321 1138 1485 1187 quem
1526 1123 1687 1181 levet,
1728 1135 1844 1172 ma-

146 1215 313 1265 gnam
341 1203 490 1253 ineat
515 1202 767 1265 gratiam,
792 1215 895 1252 nec
918 1201 963 1252 si
988 1200 1080 1251 ille
1108 1201 1331 1263 sapiens
1362 1198 1433 1248 ad
1465 1197 1691 1249 tortoris
1719 1210 1844 1247 eeu·
1935 1205 1938 1207 ·

150 1276 294 1328 leum
338 1291 371 1327 a
412 1282 648 1341 tyranno
695 1277 773 1327 ire
815 1280 1060 1339 cogatur,
1107 1274 1341 1326 similem
1382 1273 1585 1323 habeat
1628 1271 1845 1322 vultum

85 1370 127 1405 15
149 1357 202 1403 et
231 1352 276 1403 si
303 1351 607 1414 ampullam
642 1350 992 1414 perdidisset,
1020 1349 1118 1400 sed
1150 1354 1211 1400 ut
1235 1362 1502 1411 magnum
1533 1352 1587 1397 et
1615 1345 1847 1396 difficile

151 1432 425 1477 certamen
453 1427 646 1484 iniens,
675 1440 797 1476 cum
832 1425 935 1477 sibi
963 1439 1086 1476 cum
1119 1423 1342 1487 capitali
1379 1422 1718 1480 adversario,
1751 1419 1849 1471 do-

150 1501 280 1559 lore,
319 1500 757 1564 depugnandum
795 1499 1024 1557 videret,
1067 1499 1331 1549 excitaret
1368 1510 1561 1548 omnes
1603 1496 1847 1547 rationes

149 1575 494 1627 fortitudinis
520 1589 585 1626 ac
608 1575 923 1638 patientiae,
955 1587 1188 1636 quarum
1214 1571 1494 1636 praesidio
1524 1571 1685 1621 iniret
1707 1568 1847 1619 illud

151 1650 399 1708 difficile,
441 1656 503 1701 ut
546 1649 675 1708 dixi,
724 1662 1101 1712 magnumque
1143 1646 1432 1710 proelium.
1492 1644 1693 1696 deinde
1734 1657 1846 1694 non

82 1743 127 1778 20
151 1727 483 1789 quaerimus,
521 1726 653 1789 quid
691 1726 1016 1777 obscuretur
1056 1729 1153 1775 aut
1187 1725 1434 1782 intereat,
1475 1722 1605 1786 quia
1641 1722 1710 1773 sit
1749 1720 1847 1771 ad-

148 1801 375 1852 modum
405 1815 654 1864 parvum‚
681 1800 780 1851 sed
812 1800 945 1863 quid
970 1799 1079 1851 tale
1110 1799 1194 1857 sit,
1220 1803 1281 1849 ut
1309 1797 1532 1861 expleat
1557 1810 1847 1848 summam.

149 1890 261 1926 una
279 1876 543 1938 voluptas
568 1890 598 1927 e
623 1875 812 1927 multis
833 1875 1161 1926 obscuratur
1187 1874 1242 1923 in
1260 1872 1357 1923 illa
1379 1873 1497 1923 vita
1514 1870 1847 1934 voluptaria,

150 1950 248 2001 sed
282 1955 467 2002 tamen
501 1964 582 2009 ea,
622 1950 877 2013 quamvis
912 1962 1087 2011 parva
1125 1948 1209 2006 sit,
1242 1961 1373 2011 pars
1410 1951 1495 1998 est
1526 1946 1646 1996 eius
1683 1945 1845 2003 vitae,

147 2038 288 2087 quae
327 2025 512 2088 posita
548 2029 632 2075 est
671 2025 726 2074 in
765 2024 1072 2086 voluptate.
1130 2036 1392 2072 nummus
1429 2021 1485 2071 in
1528 2019 1719 2072 Croesi
1762 2018 1843 2070 di-

82 2099 299 2151 25vitiis
347 2099 689 2157 obscuratur,
739 2112 869 2162 pars
922 2103 1007 2148 est
1053 2102 1239 2148 tamen
1292 2096 1628 2146 divitiarum.
1676 2108 1846 2158 quare

150 2173 513 2224 obscurentur
542 2173 708 2224 etiam
739 2173 890 2230 haec,
927 2185 1068 2235 quae
1099 2170 1404 2222 secundum
1438 2174 1693 2220 naturam
1723 2182 1847 2219 esse

151 2247 400 2306 dicimuS,
431 2248 487 2298 in
518 2248 635 2298 vita
669 2247 857 2303 beata;
890 2247 998 2297 sint
1032 2245 1202 2296 modo
1234 2250 1420 2308 partes
1456 2245 1604 2295 vitae
1633 2243 1933 2333 beatae.13

211 2321 381 2385 Atqui
425 2322 485 2380 si,
526 2327 587 2372 ut
629 2321 924 2372 convenire
969 2320 1134 2371 debet
1173 2320 1313 2370 inter
1369 2333 1488 2377 nos,
1546 2323 1630 2369 est
1670 2331 1842 2381 quae·
1877 2355 1933 2396 32

151 2396 279 2447 dam
320 2396 590 2460 appetitio
631 2394 902 2446 naturalis
947 2409 1028 2453 ea,
1070 2408 1212 2457 quae
1246 2393 1551 2445 secundum
1590 2397 1846 2444 naturam

81 2476 293 2529 sosunt,
342 2476 628 2534 appetens,
678 2483 870 2520 eorum
925 2469 1173 2520 omnium
1222 2473 1307 2519 est
1359 2467 1579 2531 aliquae
1629 2481 1846 2518 summa

150 2545 423 2596 facienda.
502 2558 611 2608 quo
681 2544 982 2595 constituto
1055 2548 1172 2594 tum
1241 2542 1426 2594 licebit
1497 2542 1676 2593 otiose
1739 2543 1846 2592 ista

151 2633 428 2683 quaerere,
454 2619 523 2670 de
544 2618 929 2683 magnitudine
959 2632 1156 2676 rerum,
1180 2617 1248 2667 de
1276 2615 1615 2675 excellentia,
1640 2621 1848 2679 quanta

151 2695 205 2744 in
246 2707 466 2757 quoque
508 2694 578 2744 sit
622 2693 694 2743 ad
734 2693 894 2744 beate
936 2691 1255 2750 vivendum,
1295 2690 1364 2742 de
1407 2690 1529 2742 istis
1568 2691 1705 2754 ipsis
1747 2690 1844 2742 ob-

225 2838 279 2879 10
311 2849 407 2879 non
432 2840 562 2887 dett„
595 2849 684 2878 om.
711 2835 942 2878 BERNV
1028 2835 1078 2876 11
1108 2837 1330 2885 pravitate
1355 2836 1574 2876 R.Bent1.
1600 2830 1688 2884 (ad
1715 2834 1848 2876 Tusc-

148 2897 211 2938 ΙΙΙ
234 2894 304 2948 1),·
334 2898 556 2948 gravitate
667 2896 720 2938 13
753 2896 829 2938 ille
860 2895 1003 2938 RNV
1034 2907 1123 2937 om.
1149 2895 1231 2936 BE
1337 2894 1391 2936 18
1417 2894 1606 2936 difficile
1630 2894 1743 2935 illud
1766 2893 1848 2935 BE

223 2957 281 2998 20
305 2959 567 3007 quaerimus
593 2958 663 2999 ed.
678 2958 828 3008 princ.
846 2957 1088 3005 Romana:
1119 2966 1393 3006 quaeremus
1418 2951 1584 3006 (quer.)
1677 2954 1736 2996 30
1767 2954 1848 2995 ali-

151 3028 272 3068 quae
304 3015 499 3067 summa]
534 3017 690 3067 aliqua
722 3027 748 3058 e
780 3027 960 3057 summa
983 3015 1162 3057 BERN
1194 3015 1350 3065 aliqua
1374 3025 1554 3056 summa
1576 3013 1618 3055 V
