2046 3138
104 269 137 318 6

75 1320 129 1362 18

163 129 235 180 40
586 124 671 170 DE
704 123 958 171 FINIBUS
992 123 1142 171 BON.
1176 125 1255 171 ET
1288 125 1441 172 MAL.
1615 133 1941 175 Lib.11c‚6-7

238 265 375 315 Turn
403 265 513 315 ille:
540 264 743 323 Finem,
770 265 958 328 inquit,
978 265 1360 330 interrogandi,
1386 267 1432 316 si
1449 268 1676 328 videtur,
1702 271 1852 333 quod

163 340 385 402 quidem
420 353 525 402 ego
560 353 592 388 a
625 339 890 402 principio
932 340 1005 390 ita
1045 354 1134 390 me
1166 340 1329 391 malle
1363 341 1604 393 dixeram
1638 344 1744 395 hoc
1777 346 1854 408 ip-

163 428 283 481 sum
318 413 628 476 providens,
662 412 975 464 dialecticas
1009 415 1306 477 captiones

236 487 520 538 Rhetorice
553 489 727 551 igitur,
760 489 1000 551 inquam,
1033 503 1136 540 nos
1170 491 1346 540 mavis
1379 505 1544 554 quam
1572 492 1854 544 dialectice

163 562 478 625 disputare?
1901 579 1924 613 5

238 636 408 693 Quasi
440 651 588 696 vero,
621 637 809 700 inquit,
843 643 1106 700 perpetua
1139 640 1311 690 oratio
1352 640 1626 692 rhetorum
1660 641 1856 701 solum,

163 726 274 762 non
309 712 472 762 etiam
507 711 962 774 philosophorum
997 714 1077 764 sit.

235 785 474 837 Zenonis
494 791 589 845 est,
608 787 848 850 inquam,
867 786 973 837 hoc
991 786 1174 839 Stoici.
1209 802 1430 839 omnem
1447 790 1559 839 vim
1578 790 1856 854 loquendi,

162 866 220 911 ut
253 861 361 910 iam
396 866 522 911 ante
553 860 888 920 AristoteleS,
930 862 984 911 in
1026 862 1163 912 duas
1203 863 1458 914 tributam
1500 878 1622 915 esse
1663 871 1856 928 partes

162 935 484 986 rhetoricam
518 935 750 998 palmae,
784 935 1125 986 dialecticam
1158 939 1329 1000 pugni
1363 938 1597 990 similem
1624 954 1746 990 esse
1780 941 1924 990 di-10

163 1010 334 1068 cebat,
361 1010 511 1072 quod
537 1010 698 1060 latius
723 1010 1073 1073 loquerentur
1097 1012 1353 1071 rhetoreS,
1381 1013 1647 1064 dialectici
1673 1020 1856 1065 autem

164 1085 544 1147 compressius
603 1085 877 1147 obsequar
909 1086 1070 1148 igitur
1100 1086 1369 1137 voluntati
1398 1093 1524 1139 tuae
1550 1089 1856 1152 dicamque,

164 1159 207 1208 si
242 1163 447 1221 potero,
488 1159 766 1218 rhetorice,
808 1159 906 1210 sed
946 1160 1050 1210 hac
1086 1160 1352 1212 rhetorica
1385 1162 1855 1226 philosophorum,

162 1247 274 1284 non
307 1238 493 1284 nostra
524 1234 616 1284 illa
649 1234 864 1292 forensi,
906 1249 1071 1297 quam
1112 1249 1340 1286 necesse
1382 1242 1476 1295 est,
1518 1252 1641 1287 cum
1684 1252 1856 1300 popu-

162 1307 339 1358 lariter
371 1308 638 1371 loquatur,
679 1322 802 1359 esse
843 1309 1113 1360 interdum
1148 1310 1314 1372 paulo
1348 1311 1701 1363 hebetiorem.
1757 1313 1855 1363 sed
1883 1323 1925 1357 15

163 1383 293 1432 dum
328 1382 684 1442 dialecticam,
724 1383 1014 1446 Torquate,
1059 1386 1357 1435 contemnit
1396 1384 1674 1448 EpicuruS,
1715 1401 1858 1450 quae

162 1471 274 1507 una
314 1458 554 1508 continet
595 1472 816 1508 omnem
860 1463 912 1508 et
953 1459 1317 1521 perspiciendi
1359 1461 1491 1522 quid
1537 1462 1591 1510 in
1637 1475 1858 1524 quaque

162 1545 218 1582 re
243 1532 310 1581 sit
335 1532 618 1582 scientiam
646 1538 698 1583 et
722 1532 1000 1584 iudicandi
1027 1533 1190 1596 quale
1216 1534 1460 1597 quidque
1485 1536 1554 1585 sit
1571 1540 1624 1586 et
1648 1537 1858 1586 ratione

163 1620 226 1656 ac
256 1607 348 1656 via
381 1606 711 1669 disputandi,
752 1609 854 1658 ruit
887 1608 940 1656 in
975 1607 1226 1667 dicendO,
1268 1614 1327 1658 ut
1359 1609 1492 1659 mihi
1525 1610 1748 1672 quidem
1780 1611 1858 1660 vi-

164 1680 332 1739 detur,
365 1695 467 1731 nec
493 1695 572 1740 ea,
607 1695 750 1744 quae
783 1682 981 1733 docere
1012 1682 1143 1741 vult,
1176 1682 1288 1732 ulla
1321 1688 1432 1734 arte
1466 1684 1764 1748 distinguit,
1798 1690 1856 1735 ut
1880 1695 1925 1730 20

164 1755 300 1805 haec
333 1756 466 1817 ipsa,
501 1769 643 1818 quae
676 1757 844 1807 modo
879 1757 1254 1820 loquebamur.
1323 1771 1598 1808 summum
1633 1772 1666 1808 a
1696 1758 1857 1809 vobis

164 1829 371 1880 bonum
414 1829 671 1892 voluptas
716 1831 920 1882 dicitur.
984 1832 1340 1893 aperiendum
1387 1837 1468 1882 est
1507 1833 1680 1896 igitur,
1725 1833 1857 1896 quid

164 1905 231 1953 sit
262 1903 541 1966 voluptas;
575 1904 727 1955 aliter
761 1906 906 1955 enim
940 1905 1209 1968 explicari,
1243 1906 1393 1968 quod
1420 1908 1706 1969 quaeritur,
1744 1921 1857 1958 non

164 1983 357 2040 potest.
414 1992 580 2041 quam
613 1980 658 2029 si
692 1980 1088 2042 explicavisset‚
1122 1994 1234 2031 non
1267 1984 1377 2030 tam
1404 1981 1709 2032 haesitaret.
1764 1987 1857 2032 aut

164 2053 308 2102 enim
336 2066 457 2103 eam
482 2053 822 2116 voluptatem
849 2059 1096 2113 tueretur,
1131 2068 1295 2117 quarn
1321 2054 1645 2118 AristippuS‚
1677 2056 1733 2106 id
1759 2062 1854 2115 est,
1880 2067 1925 2101 25

164 2140 274 2189 qua
307 2127 501 2177 sensus
543 2127 768 2178 dulciter
809 2143 873 2178 ac
905 2129 1142 2179 iucunde
1175 2134 1438 2188 movetur,
1483 2144 1648 2193 quarn
1691 2131 1854 2181 etiarn

164 2202 419 2263 pecudeS,
453 2202 498 2252 si
531 2201 683 2265 loqui
716 2208 957 2265 possent,
990 2203 1328 2265 appellarent
1358 2203 1714 2266 voluptatem,
1748 2210 1855 2299 aut,

165 2276 209 2325 si
242 2277 418 2339 magis
452 2276 689 2338 placeret
722 2292 823 2328 suo
858 2291 1009 2328 more
1042 2278 1209 2340 loqui,
1243 2292 1408 2340 quam
1443 2284 1500 2328 ut

314 2377 521 2430 Omnes
555 2379 732 2431 Danai
765 2386 930 2445 atque
963 2381 1338 2445 Mycenenses

311 2452 490 2503 Attica
522 2455 697 2516 pubes
1876 2466 1921 2502 30

164 2557 465 2620 reliquique
492 2556 697 2616 Graeci,
732 2559 824 2621 qui
858 2559 964 2610 hoc
996 2564 1297 2622 anapaesto
1332 2560 1574 2618 citantur,
1608 2560 1715 2611 hoc
1739 2575 1851 2611 non

165 2632 350 2683 dolere
395 2632 574 2683 solum
614 2633 912 2695 voluptatis
952 2635 1177 2684 nomine
1218 2634 1531 2696 appellaret,
1572 2634 1705 2684 illud
1737 2634 1852 2684 Ari-

165 2707 439 2768 stippeum
485 2710 869 2766 contemneret,
915 2712 1020 2766 aut,
1066 2709 1111 2758 si
1152 2713 1443 2771 utrumque
1486 2708 1750 2770 probaret,
1796 2714 1854 2758 ut

238 2837 263 2877 2
298 2836 516 2888 dixeram]
547 2851 595 2890 p.
615 2843 677 2888 13,
698 2844 722 2879 7
743 2850 811 2890 sq.
937 2839 992 2879 10
1025 2840 1168 2890 pugni
1197 2841 1300 2881 edd.
1342 2840 1510 2890 pugnis
1633 2838 1687 2879 18
1721 2840 1851 2889 quid-

165 2907 255 2946 que
295 2894 368 2946 sit]
411 2899 469 2938 sit
509 2899 714 2948 quidque
746 2898 788 2938 A
922 2898 979 2938 20
1012 2899 1165 2940 doceri
1197 2899 1235 2940 R
1268 2899 1419 2940 dicere
1450 2898 1493 2939 V
1624 2897 1680 2938 29
1714 2901 1852 2948 atque

163 2956 320 2996 Lamb.
354 2960 431 2996 aut
464 2951 514 3006 (ἕ
539 2954 594 3007 Ε)
716 2957 772 3000 33
805 2960 853 3001 ut
885 2959 988 3003 edd.
1022 2961 1099 2998 aut
1131 2955 1199 3013 (in
1224 2958 1266 3006 V
1297 2961 1346 2998 ut
1370 2958 1533 3014 probat
1556 2954 1723 3008 excid.)
