2046 3138
95 501 151 542 54

102 980 164 1028 17

95 1051 150 1091 55

106 2436 162 2477 56

183 140 252 191 24
605 134 691 180 DE
723 133 976 180 F1N1ssus
1009 133 1158 180 BON.
1192 133 1270 179 ET
1304 133 1456 181 MAL.
1590 140 1965 183 mmmm-18

183 275 406 326 bitatem
441 278 711 337 putamus,
752 274 850 325 sed
883 273 1055 325 multo
1091 274 1255 325 etiam
1287 275 1480 338 magiS,
1522 275 1688 338 quod,
1722 277 1875 328 cuius

183 351 237 400 in
271 349 455 400 animo
488 353 745 408 versatur,
778 363 1079 412 numquam
1106 349 1233 399 sinit
1259 363 1384 399 eum
1410 350 1688 412 respirare,
1721 366 1876 401 num-

185 439 349 488 quam
383 423 752 486 adquiescere.

213 497 215 500 ⁴
259 497 471 555 Quodsi
518 511 589 548 ne
636 498 876 561 ipsarum
917 497 1141 561 quidem
1180 498 1438 548 virtutum
1480 497 1614 557 lauS‚
1663 499 1718 549 in
1767 514 1877 563 qua

184 573 421 623 maxime
455 577 755 623 ceterorum
789 572 1244 635 philosophorum
1272 572 1477 623 exultat
1502 573 1691 633 oratio,
1723 587 1876 636 repe·
1920 590 1944 624 5

183 648 283 698 rire
310 647 513 698 exitum
539 651 734 709 potest,
769 647 874 697 nisi
901 646 1174 711 derigatur
1199 647 1269 696 ad
1293 646 1652 709 voluptatem,
1684 648 1879 711 volup-

184 727 265 772 tas
306 726 488 772 antem
535 726 616 772 est
659 721 793 780 sola,
842 735 985 784 quae
1024 735 1127 772 nos
1166 726 1329 772 vocet
1370 721 1440 771 ad
1481 735 1542 772 se
1583 727 1636 772 et
1679 722 1880 773 alliciat

184 801 378 859 suapte
420 800 628 855 natura,
682 810 795 847 non
841 800 1022 858 potest
1067 810 1189 846 esse
1233 795 1477 855 dubium,
1531 797 1663 859 quin
1712 796 1767 846 id
1812 797 1881 847 sit

186 885 461 920 summum
495 875 661 934 atque
686 875 986 921 extremum
1012 870 1284 922 bonorum
1310 870 1573 929 omnium,
1606 871 1881 934 beateque

184 945 370 996 vivere
402 944 538 995 nihil
572 945 719 995 aliud
754 945 822 995 sit
853 945 957 994 nisi
992 959 1114 994 cum
1147 944 1431 1007 voluptate
1462 946 1664 996 vivere.
1906 961 1949 996 10

259 1019 399 1070 Huic
431 1024 607 1070 certae
641 1019 932 1082 stabilique
957 1020 1260 1070 sententiae
1286 1033 1429 1082 quae
1454 1020 1562 1070 sint
1586 1020 1876 1070 coniuncta

188 1093 474 1156 explicabo
501 1094 667 1145 brevi.
722 1093 904 1144 nullus
938 1094 992 1143 in
1026 1094 1159 1156 ipsis
1193 1108 1336 1145 error
1368 1098 1450 1144 est
1476 1094 1677 1144 finibus
1703 1094 1877 1144 bono-

187 1183 302 1218 rum
337 1173 390 1219 et
421 1168 704 1227 malorum,
738 1168 793 1218 id
827 1172 909 1219 est
940 1169 995 1217 in
1027 1168 1310 1231 voluptate
1343 1173 1436 1219 aut
1459 1169 1514 1218 in
1540 1168 1744 1227 dolore,
1776 1168 1874 1220 sed

186 1244 240 1292 in
285 1243 370 1293 his
413 1243 576 1294 rebus
625 1247 867 1306 peccant,
915 1256 1038 1292 cum
1084 1257 1114 1293 e
1155 1243 1354 1306 quibus
1398 1243 1535 1293 haec
1579 1242 1878 1293 efficiantur

187 1318 454 1381 ignorant.
510 1318 677 1367 animi
718 1322 901 1367 autem
933 1316 1245 1380 voluptates
1279 1322 1332 1368 et
1371 1317 1589 1368 dolores
1620 1318 1772 1367 nasci
1803 1317 1878 1367 fa-
1907 1338 1951 1373 15

186 1398 361 1442 temur
401 1406 432 1442 e
473 1392 714 1454 corporis
752 1391 1129 1454 voluptatibus
1171 1397 1223 1442 et
1263 1391 1544 1443 doloribus
1586 1416 1655 1424 —
1697 1392 1882 1454 itaque

191 1466 452 1526 concedo,
493 1466 644 1530 quod
684 1465 853 1516 modo
896 1466 1133 1526 dicebaS,
1179 1466 1373 1517 cadere
1413 1480 1594 1525 causa,
1639 1467 1685 1516 si
1726 1467 1818 1529 qui
1853 1480 1882 1516 e

189 1542 387 1592 nostris
421 1541 573 1591 aliter
606 1541 931 1599 existimant,
972 1555 1113 1603 quos
1147 1540 1370 1604 quidem
1399 1541 1565 1592 video
1594 1554 1716 1591 esse
1748 1539 1885 1590 mul-

189 1620 289 1674 tos,
333 1615 431 1666 sed
476 1603 756 1678 imperitbs
790 1639 875 1673 —,
917 1629 1253 1678 quamquam
1297 1620 1481 1666 autern
1525 1620 1577 1666 et
1620 1614 1882 1665 laetitiam

189 1690 350 1741 nobis
376 1690 633 1752 voluptas
666 1689 835 1739 animi
862 1693 914 1739 et
938 1689 1247 1740 molestiam
1275 1689 1432 1741 dolor
1457 1689 1659 1748 afferat,
1695 1703 1883 1740 eorum
1908 1710 1953 1745 20

190 1769 373 1815 tamen
405 1769 697 1827 utrumque
730 1768 783 1814 et
816 1768 992 1814 ortum
1026 1778 1149 1815 esse
1183 1779 1213 1815 e
1246 1778 1473 1827 corpore
1499 1769 1551 1814 et
1584 1763 1654 1814 ad
1685 1778 1882 1825 corpus

190 1839 384 1898 referri,
416 1853 520 1890 nec
552 1839 624 1890 ob
659 1852 780 1889 eam
817 1851 1039 1888 causam
1065 1853 1178 1890 non
1211 1838 1383 1889 multo
1413 1839 1650 1889 maiores
1676 1852 1798 1888 esse
1834 1843 1886 1888 et

190 1912 504 1976 voluptates
538 1918 591 1963 et
630 1912 848 1964 dolores
882 1913 1049 1962 animi
1091 1927 1256 1976 quarn
1298 1913 1553 1975 corporis.
1611 1926 1739 1962 nam
1774 1926 1886 1962 cor-

192 2002 324 2050 pore
350 1987 484 2038 nihil
509 1988 614 2038 nisi
640 2000 900 2050 praesens
928 1992 981 2038 et
1010 1988 1160 2051 quod
1186 1987 1342 2038 adest
1359 1988 1556 2038 sentire
1575 2001 1885 2049 possumus,

191 2062 376 2113 animo
423 2067 605 2113 autem
651 2066 704 2113 et
747 2063 1036 2124 praeterita
1081 2067 1133 2113 et
1175 2062 1365 2112 futura.
1431 2066 1490 2111 ut
1530 2062 1675 2112 enirn
1709 2075 1885 2123 aeque
1909 2083 1954 2118 25

192 2136 480 2188 doleamus
525 2137 734 2195 animo,
787 2149 910 2186 cum
956 2150 1183 2199 corpore
1228 2135 1495 2195 dolemuS‚
1542 2135 1657 2186 fieri
1701 2140 1884 2185 tamen

193 2225 493 2274 permagna
525 2211 769 2262 accessio
804 2215 998 2272 potest,
1031 2212 1077 2261 si
1111 2210 1336 2274 aliquod
1369 2215 1650 2261 aeternum
1685 2214 1737 2260 et
1769 2209 1886 2258 infi-

191 2286 364 2336 nitum
398 2285 716 2348 impendere
749 2285 954 2336 malum
999 2286 1162 2336 nobis
1196 2286 1498 2348 opinemur.
1554 2283 1704 2347 quod
1738 2283 1883 2334 idem

195 2359 319 2410 licet
350 2359 634 2411 transferre
668 2360 722 2410 in
755 2359 1112 2422 voluptatem,
1158 2364 1217 2410 ut
1249 2373 1316 2410 ea
1347 2360 1520 2409 maior
1552 2359 1633 2417 sit,
1674 2359 1718 2407 si
1751 2357 1885 2407 nihil

195 2433 303 2484 tale
321 2439 645 2484 metuamus
693 2434 805 2484 Iam
833 2433 966 2484 illud
991 2434 1214 2497 quidem
1233 2433 1579 2496 perspicuum
1599 2437 1694 2491 est,
1719 2432 1886 2482 maxi·
1907 2455 1954 2490 30

195 2522 341 2558 marn
376 2509 544 2558 animi
578 2513 671 2558 aut
702 2509 1042 2572 voluptatem
1077 2513 1170 2559 aut
1201 2508 1509 2559 molestiam
1543 2506 1665 2569 plus
1691 2511 1783 2556 aut
1815 2506 1884 2556 ad

194 2582 413 2633 beatam
454 2587 548 2633 aut
588 2582 658 2632 ad
699 2584 952 2635 miseram
992 2584 1160 2633 vitam
1203 2582 1391 2633 afferre
1423 2581 1687 2632 momenti
1720 2594 1883 2643 quam

195 2671 383 2707 eorum
417 2657 696 2716 utrumviS,
730 2659 774 2708 si
808 2671 985 2720 aeque
1011 2657 1106 2707 diu
1131 2657 1199 2707 sit
1231 2657 1285 2706 in
1319 2669 1560 2719 corpore.
1615 2655 1739 2706 Non
1773 2654 1885 2717 pla-

273 2787 327 2828 17
378 2789 543 2830 cadere
586 2799 727 2830 causa
774 2789 883 2830 Vict.
933 2789 1099 2831 cedere
1150 2799 1320 2830 causae
1363 2784 1542 2838 (cause)
1711 2785 1768 2826 20
1820 2784 1884 2826 ai-

195 2846 308 2888 ferat
331 2841 397 2888 A²
428 2847 589 2890 afferet
613 2842 816 2890 A¹BER
847 2848 1027 2890 afferret
1057 2848 1148 2889 NV
1268 2847 1326 2888 26
1357 2843 1530 2895 animo]
1564 2846 1620 2897 cf.
1654 2857 1694 2886 υ.
1717 2848 1771 2886 20
1784 2856 1884 2896 sqq.

196 2905 528 3006 maiingffiuxl
551 2907 686 2948 ABE
777 2907 834 2948 28
859 2908 1103 2958 opinamur
1125 2907 1163 2948 R
1262 2906 1319 2947 29
1345 2903 1418 2956 ea]
1444 2916 1502 2947 eo
1526 2905 1564 2946 B
1664 2905 1722 2946 30
1746 2905 1885 2945 animi
