2002 3068
131 1459 167 1574 usto

197 88 233 140 2
598 60 705 127 ‘DE
737 79 989 127 FINIBUS
1023 79 1171 127 BON.
1205 79 1283 125 ET
1315 79 1467 126 MAL.
1655 82 1973 125 Lib.1c.1—3

200 224 432 276 coerceri
464 223 791 286 reprimique
822 235 934 272 non
960 226 1155 287 potest,
1186 226 1245 271 ut
1269 220 1669 284 propemodum
1701 221 1885 270 iustio-

199 299 346 350 ribus
379 303 592 348 utamur
624 296 744 355 illiS,
788 296 882 359 qui
923 296 1148 346 omnino
1190 299 1423 346 avocent
1454 309 1488 344 a
1520 294 1885 357 philosophia,

200 387 366 436 quam
398 373 497 431 his,
531 372 624 434 qui
656 371 818 420 rebus
852 369 1074 419 infinitis
1106 369 1334 420 modurn
1368 370 1698 419 constituant
1729 370 1783 418 in
1809 382 1886 418 re-

199 462 308 511 que
342 461 407 497 eo
441 445 688 504 meliore,
730 459 841 508 quo
875 445 1049 495 maior
1081 445 1169 503 sit,
1209 443 1639 494 mediocritatem
1672 442 1885 493 deside-

199 527 329 572 rent.
386 521 503 571 sive
545 521 690 570 enirn
732 519 802 569 ad
844 519 1169 581 sapientiam
1218 519 1485 581 perveniri
1533 522 1727 580 potest,
1774 531 1886 567 non
1932 533 1955 566 5

200 595 444 659 paranda
475 595 637 646 nobis
670 593 850 645 solum
877 607 957 652 ea,
991 593 1088 643 sed
1123 592 1351 643 fruenda
1388 594 1550 643 etiam
1578 587 1885 654 [sapientia]

199 676 301 729 est;
345 671 462 720 sive
502 669 610 720 hoc
649 667 868 719 difficile
911 673 1005 727 est,
1044 673 1228 720 tamen
1262 680 1366 717 nec
1396 666 1596 717 modus
1630 671 1711 716 est
1744 665 1887 715 ullus

197 743 564 808 investigandi
588 744 718 802 veri,
749 743 855 792 nisi
889 742 1176 800 inveneriS,
1211 747 1263 792 et
1295 740 1594 804 quaerendi
1628 740 1888 803 defatiga-

196 820 271 870 tio
297 820 467 882 turpis
494 823 589 877 est,
624 832 747 867 cum
773 817 843 876 id,
869 816 1020 880 quod
1047 817 1334 879 quaeritur,
1360 817 1428 866 sit
1452 808 1887 878 pulcherrimum.

200 895 399 944 etenim
434 893 478 942 si
519 892 865 950 delectamur,
899 905 1022 941 cum
1057 891 1356 949 scribimuS,
1397 891 1519 953 quis
1554 895 1635 940 est
1666 895 1777 940 tam
1810 890 1887 938 in·
1913 902 1956 937 10

196 968 373 1027 viduS,
407 968 500 1030 qui
534 967 602 1017 ab
638 981 704 1017 eo
730 980 833 1017 nos
860 965 1132 1015 abducat?
1173 966 1256 1015 sin
1281 965 1610 1023 laboramuS,
1644 965 1766 1027 quis
1792 969 1887 1022 est,

198 1044 290 1106 qui
324 1042 538 1093 alienae
568 1041 797 1092 modurn
831 1045 1030 1091 statuat
1062 1039 1394 1090 industriae?
1441 1053 1568 1089 nam
1603 1044 1660 1088 ut
1691 1038 1888 1088 Teren-

196 1119 376 1168 tianus
418 1115 676 1167 Chremes
716 1129 828 1166 non
869 1114 1216 1173 inhumanuS‚
1265 1114 1358 1177 qui
1398 1127 1606 1164 novum
1645 1114 1886 1162 vicinum

197 1205 309 1242 non
334 1191 451 1241 vult
476 1185 683 1242 ‘fodere
717 1191 809 1240 aut
841 1203 991 1239 arare
1017 1194 1109 1239 aut
1135 1188 1342 1251 aliquid
1368 1188 1502 1239 ferre
1532 1182 1790 1250 denique'
1818 1212 1887 1219 —

197 1280 308 1317 non
343 1266 488 1316 enim
529 1265 680 1314 illum
722 1265 791 1315 ab
832 1264 1110 1322 industria,
1151 1263 1248 1313 sed
1291 1263 1359 1313 ab
1401 1262 1666 1313 inliberali
1700 1262 1887 1312 labore
1914 1275 1955 1309 15

198 1340 427 1391 deterret
451 1365 537 1400 —‚
570 1341 648 1390 sic
679 1340 766 1389 isti
792 1333 1005 1398 curiosi,
1032 1351 1173 1401 quos
1199 1337 1427 1389 offendit
1451 1343 1635 1388 noster
1660 1337 1887 1386 minime

198 1415 360 1466 nobis
393 1414 723 1465 iniucundus
755 1413 922 1464 labor.

272 1489 340 1540 Iis
381 1490 542 1553 igitur
581 1494 662 1539 est
706 1488 978 1538 difficilius
1027 1488 1158 1537 satis
1206 1487 1397 1546 facere,
1446 1487 1538 1549 qui
1588 1500 1647 1536 se
1696 1486 1887 1536 Latina

197 1565 394 1627 scripta
435 1564 620 1613 dicunt
653 1568 1017 1613 contemnere.
1078 1563 1132 1611 in
1167 1562 1367 1625 quibus
1400 1561 1506 1611 hoc
1539 1562 1771 1623 primum
1807 1565 1887 1610 est

196 1640 250 1688 in
285 1652 396 1702 quo
431 1638 676 1697 admirer,
718 1652 809 1687 cur
849 1638 903 1686 in
945 1637 1282 1700 gravissimis
1315 1636 1477 1686 rebus
1510 1649 1622 1686 non
1656 1634 1887 1685 delectet
1910 1648 1955 1682 20

197 1727 294 1763 eos
328 1727 507 1764 sermo
542 1713 761 1775 patriuS,
803 1726 927 1762 cum
968 1711 1115 1761 idem
1156 1711 1385 1761 fabellas
1418 1710 1637 1760 Latinas
1669 1709 1740 1760 ad
1771 1723 1888 1759 ver-

196 1787 327 1837 bum
362 1801 392 1837 e
426 1786 648 1838 Graecis
682 1800 968 1849 expressas
1000 1800 1112 1836 non
1146 1786 1299 1835 inviti
1332 1785 1529 1848 legant.
1585 1785 1708 1847 quis
1741 1784 1885 1834 enim

195 1867 307 1912 tam
341 1862 592 1912 inimicus
626 1874 803 1923 paene
836 1861 1045 1911 nomini
1072 1859 1320 1910 Romano
1348 1865 1443 1918 est,
1477 1859 1570 1922 qui
1595 1858 1750 1907 Ennii
1776 1857 1887 1908 Me-

198 1936 359 1987 deam
393 1941 485 1986 aut
516 1935 813 1998 Antiopam
847 1935 1068 1985 Pacuvii
1110 1939 1327 1997 spernat
1367 1939 1460 1984 aut
1499 1934 1695 1991 reiciat,
1735 1932 1885 1995 quod

198 2025 258 2062 se
291 2010 466 2061 isdem
492 2009 761 2073 Euripidis
795 2009 992 2060 fabulis
1027 2009 1281 2059 delectari
1315 2008 1472 2067 dicat,
1508 2008 1728 2058 Latinas
1752 2006 1887 2056 litte·
1910 2020 1955 2054 25

197 2100 282 2136 ras
316 2085 525 2136 oderit?
574 2084 937 2148 Synephebos
965 2097 1085 2147 eg0,
1118 2084 1307 2146 inquit,
1341 2083 1524 2145 potius
1550 2080 1769 2133 Caecilii
1794 2086 1886 2131 aut

196 2159 459 2209 Andriam
503 2159 738 2210 Terentii
787 2173 953 2221 quam
1002 2163 1288 2220 utramque
1333 2156 1617 2207 Menandri
1664 2155 1886 2219 legam?

196 2234 246 2284 A
278 2234 478 2297 quibus
510 2239 720 2284 tantum
755 2232 1035 2291 dissentio,
1068 2238 1139 2291 ut,
1174 2246 1297 2282 cum
1331 2230 1636 2294 Sophocles
1668 2229 1757 2280 vel
1791 2243 1887 2292 op-

196 2309 327 2359 time
360 2309 629 2370 scripserit
662 2307 940 2366 Electram,
983 2312 1167 2357 tamen
1206 2306 1351 2356 male
1384 2319 1705 2356 conversam
1737 2303 1885 2353 Atilii

197 2382 329 2433 mihi
361 2382 653 2446 legendam
688 2387 889 2444 putem,
923 2381 994 2431 de
1025 2395 1137 2444 quo
1163 2380 1422 2431 Lucilius:
1448 2374 1697 2430 ‘ferreum
1724 2379 1885 2440 scrip-
1909 2391 1954 2426 30

196 2451 407 2516 torem',
444 2470 649 2515 verum,
692 2457 900 2518 opinor,
935 2456 1249 2518 scriptorem
1282 2460 1481 2514 tamen,
1521 2459 1578 2504 ut
1617 2452 1885 2516 legendus

198 2532 279 2583 sit.
311 2531 502 2582 rudem
536 2530 681 2581 enim
715 2544 838 2581 esse
871 2531 1097 2581 omnino
1132 2531 1186 2579 in
1227 2530 1425 2580 nostris
1467 2529 1643 2591 poetis
1684 2532 1777 2577 aut
1809 2527 1885 2575 in-

270 2679 298 2720 6
331 2690 420 2721 om.
441 2679 542 2720 cod.
558 2678 728 2720 Εἰίεηε.
745 2677 944 2728 Davisii,
968 2679 1018 2719 Ρ.
1035 2679 1163 2720 Μαη.
1271 2677 1297 2718 7
1321 2678 1440 2718 ullus
1464 2679 1534 2718 est
1556 2675 1640 2716 BE
1744 2673 1771 2714 8
1805 2674 1883 2714 de-

197 2738 403 2789 fetigatio
427 2731 492 2779 A²
588 2737 641 2778 18
673 2738 728 2778 iis
751 2738 879 2778 Man.
896 2749 985 2779 sec.
1009 2738 1139 2787 Bai.‚·
1170 2737 1242 2778 his
1314 2737 1456 2778 latina
1479 2729 1636 2775 A¹BE
1666 2733 1825 2774 latinia
1847 2732 1885 2773 R

196 2798 336 2839 latine
354 2791 517 2839 A²Nv
590 2797 646 2838 23
670 2797 848 2838 nomini
865 2808 987 2846 pene
1002 2797 1086 2837 BE
1157 2795 1214 2837 29
1232 2797 1363 2837 atrilii
1389 2792 1463 2845 (ut
1479 2790 1682 2843 videtur)
1699 2792 1738 2833 R
1763 2792 1883 2833 acilii

196 2856 279 2897 BE
388 2857 446 2898 30
470 2857 668 2898 Lucilius
692 2855 764 2898 Se.
795 2857 992 2897 lucinius
1016 2851 1102 2903 A¹;
1135 2856 1317 2896 licinius
1349 2851 1523 2904 (altera
1544 2854 1686 2904 parte
1706 2852 1884 2902 prioris

196 2928 226 2957 u
258 2914 419 2966 erasa)
452 2909 537 2966 Α,’;
577 2916 758 2957 licinius
791 2915 931 2963 BER,
964 2916 1005 2956 N
1037 2911 1205 2966 (litim),
1245 2914 1306 2962 V;
1347 2914 1531 2955 Licinus
1565 2911 1882 2954 C.F.W.Mue.
