2046 3138
57 147 84 199 §
108 147 283 190 22—28
425 163 427 166 ·
562 144 648 190 DE
680 143 934 192 FINIBUS
968 143 1118 192 BON.
1152 144 1230 191 ET
1264 144 1416 192 MAL.
1742 154 1837 204 131

144 291 203 336 ut
235 299 626 336 conservemus
661 292 880 338 nosmet
912 288 1078 350 ipsos,
1143 286 1250 338 hoc
1283 288 1568 347 convenit;
1602 289 1846 351 sequitur

145 360 293 420 illud,
327 366 386 411 ut
411 361 916 412 animadvertamus
943 363 1036 425 qui
1062 363 1234 412 simus
1261 363 1379 425 ipsi,
1416 367 1474 412 ut
1499 376 1619 422 nOS,
1653 362 1846 425 quales

146 440 360 497 oportet
409 450 546 495 esse,
602 450 899 488 servemus
975 451 1166 487 sumus
1215 438 1376 500 igitur
1431 437 1701 488 homines,
1780 451 1846 487 ex

146 511 331 561 animo
355 516 672 561 constamus
695 516 748 562 et
774 525 1015 574 corpore,
1042 525 1185 575 quae
1211 517 1338 562 sunt
1364 512 1651 562 cuiusdam
1677 512 1846 571 modi,

98 598 121 632 5
145 599 360 647 nosque
401 590 630 648 oportet,
671 591 730 636 ut
770 587 943 648 prima
984 587 1248 649 appetitio
1290 586 1550 636 naturalis
1592 587 1847 649 postulat,

145 659 282 710 haec
315 659 542 723 diligere
577 663 1018 724 constituereque
1053 675 1119 712 ex
1153 661 1238 711 his
1271 661 1438 711 finem
1466 661 1618 711 illum
1645 663 1845 712 summi

145 734 276 785 boni
310 739 476 798 atque
509 735 699 786 ultimi.
764 750 946 798 quem,
981 738 1026 786 si
1062 737 1236 799 prima
1267 750 1399 787 vera
1431 742 1571 795 sunt,
1613 738 1687 786 ita
1721 750 1847 787 con-

146 810 291 859 stitui
332 823 561 860 necesse
603 816 704 861 est:
747 825 935 861 earum
977 825 1168 870 rerum,
1210 825 1353 874 quae
1402 812 1508 861 sint
1541 811 1846 861 secundum

146 888 409 943 naturam,
439 899 604 947 quam
625 885 858 947 plurima
884 890 937 936 et
962 899 1130 948 quam
1149 887 1390 935 maxima
1408 885 1653 948 adipisci.
1702 886 1848 935 hunc
1882 891 1938 932 26

1 960 3 1014 j
82 970 123 1006 ιο
148 959 308 1020 igitur
332 959 500 1009 finem
527 959 601 1009 illi
628 965 931 1019 tenuerunt,
959 961 1223 1023 quodque
1249 974 1355 1024 ego
1383 960 1630 1023 pluribus
1651 960 1847 1020 verbiS,

145 1032 220 1082 illi
255 1033 476 1084 brevius
510 1035 815 1084 secundum
842 1040 1091 1085 naturam
1117 1037 1318 1095 vivere,
1353 1035 1460 1086 hoc
1485 1037 1549 1085 iis
1575 1036 1847 1086 bonorum

144 1107 435 1158 videbatur
469 1114 787 1160 extremum.

222 1178 342 1242 Age
378 1194 525 1230 nunc
562 1181 651 1232 isti
695 1181 946 1240 doceant,
984 1182 1070 1232 vel
1113 1188 1170 1233 tu
1209 1183 1394 1245 potius
1437 1210 1499 1217 —-
1536 1183 1660 1245 quis
1698 1183 1844 1233 enim
1872 1186 1930 1236 11

150 1253 257 1303 ista
281 1253 519 1305 melius?
542 1282 619 1314 --,
650 1269 891 1318 quonam
914 1256 1083 1306 modo
1112 1256 1182 1306 ab
1206 1255 1382 1307 isdem
1413 1257 1699 1320 principiis
1725 1270 1848 1319 pro-

2 1379 3 1391 ,
85 1344 128 1379 15
151 1326 280 1378 fecti
313 1327 592 1387 efficiatiS,
626 1335 686 1380 ut
723 1330 955 1381 honeste
987 1332 1174 1382 vivere
1212 1359 1274 1366 -—
1306 1331 1361 1381 id
1400 1337 1485 1382 est
1516 1332 1660 1382 enim
1696 1331 1784 1382 vel
1817 1345 1847 1382 e

150 1402 352 1453 virtute
377 1402 464 1454 vel
490 1410 721 1454 naturae
752 1409 1118 1467 congruenter
1139 1406 1327 1456 vivere
1358 1433 1420 1440 —-
1445 1420 1723 1456 summum
1752 1405 1849 1456 bo-

151 1491 281 1527 num
314 1477 399 1535 sit,
430 1482 484 1528 et
520 1492 763 1540 quonam
793 1479 963 1530 modo
998 1485 1095 1531 aut
1125 1493 1234 1543 quo
1270 1479 1393 1531 loco
1425 1494 1627 1543 corpus
1662 1481 1847 1532 subito

152 1550 507 1602 deserueritis
529 1554 826 1616 omniaque
846 1567 926 1611 ea,
955 1567 1112 1616 quae,
1133 1554 1439 1605 secundum
1453 1561 1708 1606 naturam
1726 1569 1850 1606 cum

152 1625 274 1683 sint,
300 1625 485 1677 absint
508 1640 542 1676 a
566 1632 765 1677 nostra>
782 1633 1073 1689 potestate,
1104 1629 1287 1691 ipsum
1313 1628 1551 1692 denique
1580 1628 1850 1680 officium.

85 1717 130 1752 20
153 1713 359 1762 quaero
395 1701 577 1763 igitur,
615 1715 725 1764 quo
765 1701 936 1752 modo
972 1702 1077 1753 hae
1116 1708 1302 1753 tantae
1337 1703 1850 1755 commendationes

151 1788 185 1824 a
229 1780 429 1825 natura
477 1775 760 1837 profectae
814 1776 998 1827 subito
1046 1791 1079 1826 a
1129 1778 1404 1840 sapientia
1449 1778 1672 1829 relictae
1725 1779 1847 1830 sint.

152 1848 354 1911 quodsi
378 1863 489 1900 non
511 1849 752 1900 hominis
784 1865 1061 1901 summum
1083 1851 1290 1902 bonum
1321 1866 1727 1914 quaereremus,
1752 1853 1849 1904 sed
1882 1865 1937 1907 27

152 1923 442 1974 cuiusdam
477 1924 790 1983 animantiS,
825 1925 872 1976 is
912 1930 1098 1976 autem
1132 1931 1280 1976 esset
1315 1926 1451 1976 nihil
1485 1928 1591 1977 nisi
1630 1929 1849 1978 animus

153 2026 216 2032 -
251 1997 414 2049 liceat
449 1998 596 2049 enim
639 1998 854 2063 fingere
890 1999 1102 2062 aliquid
1142 2001 1263 2051 eius
1298 2000 1466 2060 modi,
1509 2015 1619 2064 quo
1654 2016 1847 2053 verum

4 2131 5 2146 χ
83 2089 130 2124 25
154 2071 374 2122 facilius
405 2073 747 2135 reperiamus
779 2102 856 2131 —‚
893 2079 1077 2124 tamen
1109 2073 1187 2124 illi
1222 2075 1408 2125 animo
1439 2089 1551 2126 non
1586 2083 1734 2128 esset
1763 2077 1852 2127 hic

4 2149 5 2155 ’
152 2152 336 2197 vester
364 2146 511 2197 finis,
553 2146 893 2198 desideraret
927 2148 1073 2198 enim
1101 2148 1483 2207 valitudinem,
1516 2152 1851 2202 vacuitatem

154 2220 379 2279 doloris,
409 2226 695 2283 appeteret
722 2222 889 2272 etiam
926 2224 1403 2274 conservationem
1433 2225 1518 2274 sui
1552 2239 1853 2289 earumque

153 2308 332 2345 rerum
365 2295 676 2346 custodiam
705 2295 987 2359 finemque
1023 2297 1126 2347 sibi
1156 2298 1512 2349 constitueret
1546 2300 1851 2351 secundum

153 2375 408 2420 naturam
450 2370 652 2427 vivere,
698 2370 848 2433 quod
899 2376 998 2429 est,
1041 2376 1101 2421 ut
1149 2371 1278 2430 dixi,
1320 2372 1524 2424 habere
1571 2388 1652 2433 ea,
1706 2388 1848 2438 quae

84 2461 131 2498 30
155 2443 459 2494 secundum
488 2449 744 2494 naturam
774 2445 897 2503 sint,
930 2444 1019 2495 vel
1048 2446 1236 2495 omnia
1267 2446 1355 2497 vel
1386 2447 1624 2510 plurima
1656 2454 1710 2501 et
1737 2464 1852 2500 ma-

154 2519 318 2568 xima.
373 2519 768 2581 cuiuscumque
812 2519 957 2570 enim
1022 2519 1174 2570 modi
1218 2521 1423 2589 animal
1483 2524 1849 2583 constitueris,
1883 2536 1940 2578 28

155 2605 380 2643 necesse
417 2597 516 2651 est,
555 2592 772 2643 etiamsi
816 2592 873 2642 id
913 2593 1030 2644 sine
1073 2607 1304 2657 corpore
1342 2596 1426 2655 sit,
1469 2602 1529 2647 ut
1566 2596 1849 2661 fingimuS,

155 2672 339 2718 tamen
382 2680 505 2717 esse
549 2667 603 2716 in
653 2668 840 2718 animo
884 2667 1158 2730 quaedam
1208 2669 1410 2719 similia
1451 2684 1659 2730 eorum,
1709 2687 1850 2735 quae

227 2804 254 2844 5
287 2805 477 2854 apetitio
517 2797 582 2844 N²
622 2805 782 2853 petitio
917 2804 969 2844 12
1010 2805 1251 2846 videbatur
1287 2806 1399 2847 Wes.
1440 2809 1572 2858 apud
1601 2808 1754 2859 Mdv.;
1785 2811 1850 2850 vi-

153 2863 313 2904 deatur
452 2862 506 2903 18
538 2864 793 2904 secundum
827 2867 1033 2905 naturam
1076 2875 1177 2905 cum
1211 2867 1302 2907 sint
1334 2866 1415 2906 BE
1456 2878 1558 2909 cum
1595 2869 1848 2910 secundum

153 2926 359 2964 naturam
391 2924 483 2964 sint
514 2916 580 2964 Ν2
619 2923 874 2964 secundum
907 2927 1113 2965 naturam
1147 2926 1238 2966 sint
1270 2923 1381 2976 (om.
1414 2925 1538 2978 cum)
1572 2927 1659 2969 RN
1670 2923 1732 2970 ¹V

153 2981 211 3022 20
243 2980 349 3032 hae]
384 2983 471 3023 hec
503 2982 584 3023 BE
618 2984 706 3023 hee
738 2983 825 3024 Rv
857 2995 913 3024 ee
945 2984 985 3025 N

1520 3063 1570 3103 9*
