2046 3138
49 140 76 191 §
103 141 279 182 53-59
556 135 642 181 DE
675 134 927 181 FINIBUS
962 133 1111 181 BON.
1146 134 1222 180 ET
1257 133 1408 180 MAL.
1763 141 1833 191 25

142 282 226 328 cet
258 282 440 328 autem
476 276 714 328 detracta
746 276 1029 339 voluptate
1062 275 1459 339 aegritudinem
1493 275 1673 327 statim
1708 289 1835 326 con-

41 407 43 410 ,
140 353 312 415 sequi,
353 353 456 403 nisi
499 353 552 402 in
585 351 884 414 voluptatis
926 351 1106 403 locum
1142 350 1299 402 dolor
1331 351 1466 402 forte
1500 350 1833 409 successerit,

3 486 6 488 v
32 460 35 464 Δ
141 432 195 477 at
221 431 407 478 contra
433 427 673 491 gaudere
699 431 916 477 nosmet
946 425 1262 477 omittendis
1290 425 1587 484 doloribus,
1622 425 1831 476 etiamsi

140 502 397 564 voluptas
443 515 522 560 ea,
568 515 710 564 quae
755 515 977 551 sensum
1023 505 1259 559 moveat,
1303 500 1453 550 nulla
1501 501 1835 558 successerit,

39 639 44 646 .
92 595 115 630 5
143 590 322 639 eoque
357 575 597 639 intellegi
640 580 820 638 potest
852 580 1058 639 quanta
1088 574 1345 638 voluptas
1378 576 1445 625 sit
1485 589 1597 626 non
1635 574 1835 626 dolere.

143 650 252 701 Sed
288 656 345 700 ut
379 652 442 700 iis
477 651 637 701 bonis
672 651 940 714 erigimur,
973 664 1116 713 quae
1150 654 1524 712 expectamus,
1561 650 1640 699 sic
1672 649 1835 700 laeta·
1870 657 1924 697 57

143 739 262 774 mur
296 726 374 783 iis,
410 739 552 787 quae
585 725 945 776 recordamur.
1010 724 1156 775 stulti
1198 729 1379 775 autem
1423 724 1691 775 malorum
1726 738 1836 774 me-

142 800 316 849 moria
341 804 672 862 torquentur,
699 800 975 862 sapientes
1001 800 1150 850 bona
1176 800 1462 862 praeterita
1486 804 1640 862 grata
1664 812 1836 849 recor-

142 874 365 924 datione
398 879 662 925 renovata
693 874 982 925 delectant.
1037 879 1119 924 est
1151 878 1333 924 autem
1375 874 1538 923 situm
1580 874 1634 922 in
1674 873 1837 923 nobis

35 963 43 1014 g
74 966 117 1002 10
142 953 199 998 ut
244 954 296 998 et
340 949 572 999 adversa
616 950 773 1011 quasi
819 954 1083 1011 perpetua
1115 948 1396 1000 oblivione
1441 948 1739 999 obruamus
1785 953 1837 998 et

0 1005 45 1149 Ι
141 1023 386 1073 secunda
426 1023 662 1074 iucunde
703 1037 767 1073 ac
807 1025 1045 1074 suaviter
1084 1024 1508 1074 meminerimus,
1572 1022 1670 1073 sed
1713 1037 1835 1072 cum

140 1112 219 1157 ea,
254 1112 396 1161 quae
431 1099 832 1160 praeterierunt,
867 1099 973 1148 acri
1008 1099 1193 1148 animo
1229 1103 1282 1148 et
1316 1103 1522 1149 attento
1551 1099 1836 1155 intuemur,

139 1178 252 1223 turn
287 1173 346 1223 fit
378 1177 436 1223 ut
469 1173 754 1236 aegritudo
790 1178 1062 1235 sequatur,
1095 1173 1140 1223 si
1175 1172 1267 1223 illa
1291 1172 1438 1222 mala
1463 1174 1583 1232 sint,
1618 1172 1836 1230 laetitia,

141 1248 186 1297 si
220 1248 382 1298 bona.

72 1340 115 1375 15
216 1321 262 1372 O
298 1322 629 1384 praeclaram
664 1322 824 1373 beate
848 1322 1073 1373 vivendi
1101 1327 1154 1373 et
1179 1327 1422 1385 apertam
1451 1327 1502 1373 et
1529 1322 1834 1384 simplicem
1863 1327 1926 1377 18

140 1402 192 1447 et
224 1396 482 1447 directam
515 1397 684 1447 viam!
750 1412 873 1447 cum
909 1398 1053 1447 enim
1089 1402 1231 1448 certe
1263 1397 1397 1447 nihil
1424 1397 1633 1448 homini
1662 1397 1836 1459 possit

39 1472 43 1475 ’
139 1471 334 1522 melius
369 1485 490 1522 esse
524 1485 689 1534 quam
723 1486 918 1523 vacare
952 1473 1102 1523 omni
1134 1471 1324 1523 dolore
1359 1477 1411 1522 et
1440 1472 1694 1523 molestia
1720 1485 1836 1533 per-

139 1546 349 1609 fruique
382 1547 634 1596 maximis
676 1551 728 1597 et
761 1547 927 1596 animi
962 1551 1014 1598 et
1054 1547 1295 1610 corporis
1327 1546 1718 1609 voluptatibuS,
1758 1546 1836 1595 vi-

141 1621 353 1671 detisne
387 1635 552 1683 quam
586 1621 719 1670 nihil
748 1622 1199 1683 praetermittatur
1225 1622 1375 1684 quod
1401 1622 1570 1671 vitam
1598 1621 1835 1679 adiuvet,

30 1695 43 1703 ”
71 1713 115 1748 20
140 1710 250 1758 quo
284 1695 494 1746 facilius
528 1696 597 1754 id,
632 1697 782 1758 quod
817 1698 1158 1758 propositum
1194 1701 1289 1755 est,
1322 1711 1599 1746 summum
1627 1696 1834 1747 bonurn

141 1772 579 1833 consequamur?
646 1771 844 1821 clamat
895 1770 1171 1833 Epicurus,
1220 1772 1264 1821 is
1310 1785 1475 1834 quern
1523 1785 1626 1822 vos
1676 1771 1838 1820 nimis
1887 1818 1890 1820 ,

139 1845 515 1908 voluptatibus
562 1859 683 1896 esse
717 1845 962 1896 deditum
997 1846 1189 1904 dicitis,
1234 1860 1347 1897 non
1392 1860 1558 1908 posse
1600 1845 1838 1896 iucunde

139 1920 266 1978 vivi,
306 1920 410 1970 nisi
451 1920 738 1982 sapienter,
779 1920 1010 1971 honeste
1051 1921 1303 1983 iusteque
1343 1922 1571 1979 vivatur,
1611 1935 1714 1971 nec
1755 1934 1839 1970 sa-

141 1995 362 2056 pienter,
389 1994 635 2053 honeste,
663 1996 817 2054 iuste,
842 1995 945 2044 nisi
973 1995 1225 2046 iucunde.
1273 2009 1456 2058 neque
1479 1996 1624 2046 enim
1645 1997 1836 2046 civitas
1872 2005 1927 2044 58

71 2086 115 2120 25
140 2070 192 2118 in
228 2069 498 2119 seditione
531 2069 693 2119 beata
734 2083 856 2119 esse
898 2074 1079 2132 potest
1118 2084 1221 2120 nec
1261 2070 1315 2119 in
1358 2070 1632 2121 discordia
1665 2070 1839 2122 domi-

139 2157 334 2193 norum
368 2143 588 2201 domus;
629 2158 739 2206 quo
782 2145 962 2194 minus
995 2145 1211 2194 animus
1245 2159 1277 2195 a
1310 2159 1370 2195 se
1403 2146 1522 2207 ipse
1563 2145 1837 2196 dissidens

140 2232 439 2281 secumque
485 2218 805 2269 discordans
851 2223 1070 2282 gustare
1122 2223 1329 2281 partem
1382 2219 1550 2269 ullam
1595 2219 1837 2283 liquidae

140 2292 439 2355 voluptatis
474 2297 527 2343 et
559 2293 764 2343 liberae
798 2298 992 2355 potest.
1048 2294 1198 2356 atqui
1233 2294 1606 2358 pugnantibus
1634 2300 1686 2345 et
1712 2310 1839 2346 con-

140 2368 310 2417 trariis
343 2367 537 2417 studiis
571 2368 925 2430 consiliisque
958 2382 1174 2431 semper
1206 2373 1365 2419 utens
1398 2368 1531 2419 nihil
1559 2370 1727 2432 quieti
1760 2371 1838 2419 vi-

41 2479 45 2501 s
71 2459 117 2494 30
141 2441 282 2500 dere,
314 2442 448 2491 nihil
481 2442 754 2505 tranquilli
790 2447 984 2505 potest.

216 2515 429 2572 Quodsi
467 2518 708 2580 corporis
741 2518 1083 2580 gravioribus
1116 2518 1322 2569 morbis
1347 2519 1493 2569 vitae
1527 2519 1836 2571 iucunditas
1870 2528 1927 2568 59

140 2591 444 2654 impeditur,
471 2596 676 2655 quanto
704 2593 880 2655 magis
907 2593 1075 2642 animi
1102 2593 1306 2643 morbis
1333 2593 1583 2656 impediri
1609 2608 1838 2644 necesse

143 2668 243 2716 estl
300 2667 467 2716 animi
509 2672 692 2717 autem
734 2667 909 2717 morbi
943 2671 1069 2717 sunt
1109 2667 1435 2731 cupiditates
1468 2669 1752 2719 inmensae
1786 2674 1838 2719 et

215 2859 241 2900 5
282 2860 441 2902 dolore
483 2854 638 2903 ERV¹
789 2861 815 2901 8
859 2861 1084 2911 sapientis
1123 2861 1161 2903 R
1316 2862 1369 2902 12
1414 2863 1591 2903 intento
1635 2862 1718 2904 BE

143 2917 197 2960 13
236 2920 275 2960 si
308 2920 433 2961 bona
463 2921 636 2962 laetitia
668 2921 750 2961 BE
879 2920 936 2961 26
969 2922 1072 2971 ipso
1105 2921 1187 2963 BE
1309 2921 1365 2964 32
1398 2923 1609 2972 impediri
1642 2933 1837 2965 necesse

142 2975 227 3028 est]
262 2980 472 3030 impediri
506 2991 702 3022 necesse
735 2983 888 3031 potest
919 2974 1035 3021 A¹N
1067 2982 1278 3032 impediri
1312 2984 1465 3032 potest
1497 2976 1563 3024 A²
