2046 3138
160 447 214 486 76

153 1587 222 1637 28

154 1658 207 1699 77

154 2372 208 2413 78

254 156 356 208 154
434 166 436 169 ⁴
671 150 757 197 DE
789 149 1042 199 FINIBUS
1075 151 1225 207 BON.
1258 152 1337 199 ET
1369 153 1521 199 MAL.
1619 160 1787 202 Lib.1V
1803 161 2028 203 c.27--28

246 288 415 351 igitur
456 289 563 339 ista
605 294 658 339 te
698 288 834 339 nihil
875 289 1045 341 iuvat.
1092 304 1195 341 nec
1232 292 1394 349 enim,
1437 305 1630 344 omnes
1668 295 1932 345 avaritias

227 362 293 412 *si
331 375 507 425 aeque
545 364 809 414 avaritias
846 377 970 415 esse
1009 364 1325 424 dixerimus,
1360 372 1633 429 sequetur,
1672 373 1732 418 ut
1769 369 1932 419 etiam

246 449 454 498 aequas
489 450 613 487 esse
651 437 916 488 dicamus
962 438 1098 489 Ecce
1133 439 1286 490 aliud
1318 440 1496 491 simile
1533 441 1816 493 dissimile.
1862 442 1934 494 Ut

245 510 405 568 enim,
453 511 646 574 inquit,
694 511 1033 575 gubernator
1079 527 1255 576 aeque
1304 520 1509 577 peccat,
1554 516 1598 566 si
1648 515 1929 579 palearum

243 598 443 635 navem
473 586 669 636 evertit
698 591 753 636 et
782 587 827 637 si
858 587 992 645 auri,
1017 587 1148 638 item
1177 601 1352 651 aeque
1382 595 1585 651 peccat,
1614 591 1705 652 qui
1738 604 1932 654 paren·
1979 606 2003 640 5

244 663 354 709 tem
383 664 436 710 et
466 660 558 722 qui
588 673 809 712 servum
838 661 1038 711 iniuria
1059 661 1328 713 verberat.
1356 691 1419 698 —-
1446 662 1566 714 Hoc
1587 678 1699 731 non
1727 665 1931 723 videre,

245 733 401 784 cuius
446 735 665 796 generis
711 748 853 786 onus
897 736 1059 786 navis
1103 736 1284 795 vehat,
1324 736 1381 787 id
1427 737 1499 787 ad
1544 738 1931 801 gubernatoris

243 812 416 858 artem
458 808 534 857 nil
576 809 878 871 pertinere!
941 810 1128 873 itaque
1168 824 1364 860 aurum
1405 811 1695 874 paleamne
1737 819 1933 876 portet,

243 881 314 931 ad
360 881 500 932 bene
545 888 641 933 aut
685 883 757 933 ad
802 883 948 934 male
986 884 1410 947 gubernandum
1455 886 1591 936 nihil
1636 888 1929 939 interesse!

242 960 298 1006 at
337 956 469 1019 quid
509 957 650 1007 inter
688 963 972 1020 parentem
1011 963 1064 1009 et
1098 959 1378 1010 servulum
1417 961 1645 1019 intersit,
1684 961 1929 1025 intellegi
1958 976 2003 1011 10

242 1035 295 1080 et
332 1035 516 1093 potest
554 1036 608 1082 et
645 1031 823 1082 debet.
862 1045 996 1095 ergo
1029 1033 1085 1083 in
1121 1033 1486 1096 gubernando
1522 1035 1672 1093 nihil,
1707 1036 1762 1085 in
1801 1035 1931 1086 offi-

242 1105 326 1155 cio
368 1104 667 1167 plurimum
708 1105 950 1165 interest,
992 1120 1101 1170 quo
1142 1108 1198 1157 in
1232 1121 1434 1171 genere
1474 1115 1742 1172 peccetur.
1793 1115 1846 1161 et
1883 1111 1929 1160 si

239 1178 298 1229 in
348 1179 472 1241 ipsa
522 1179 925 1242 gubernatione
975 1181 1328 1244 neglegentia
1381 1188 1465 1233 est
1511 1184 1672 1234 navis
1721 1198 1930 1242 eversa,

241 1253 421 1303 maius
457 1259 541 1304 est
578 1259 863 1316 peccatum
899 1256 955 1305 in
991 1269 1128 1306 auro
1160 1270 1324 1319 quam
1360 1257 1415 1307 in
1451 1257 1628 1320 palea.
1671 1259 1929 1310 omnibus

240 1327 386 1377 enim
415 1328 627 1379 artibus
657 1328 918 1379 volumus
947 1330 1268 1381 attributam
1299 1345 1422 1381 esse
1445 1345 1583 1390 eam,
1614 1346 1755 1395 quae
1784 1346 1930 1383 com·
1957 1347 2000 1382 15

240 1402 423 1453 munis
460 1401 775 1466 appellatur
813 1403 1122 1466 prudentia,
1159 1419 1325 1467 quam
1362 1419 1570 1464 omnes,
1603 1407 1695 1469 qui
1733 1407 1929 1469 cuique

239 1475 478 1526 artificio
518 1482 797 1539 praesunt,
839 1477 1042 1529 debent
1078 1478 1296 1529 habere.
1346 1480 1422 1530 ita
1454 1493 1523 1531 ne
1561 1480 1667 1531 hoc
1704 1481 1927 1543 quidem

239 1549 408 1601 modo
439 1551 596 1613 paria
626 1556 853 1614 peccata
883 1556 1025 1603 sunt.

312 1623 523 1688 Urgent
549 1629 735 1676 tamen
763 1630 818 1676 et
842 1625 979 1675 nihil
1007 1627 1306 1678 remittunt.
1341 1626 1632 1686 Quoniam,
1660 1629 1928 1692 inquiunt,

239 1711 403 1749 omne
433 1704 720 1761 peccatum
751 1699 1125 1752 inbecillitatis
1155 1706 1210 1752 et
1239 1702 1641 1753 inconstantiae
1666 1709 1764 1761 est,
1794 1703 1930 1754 haec
1954 1718 1999 1754 20

240 1777 425 1823 autem
474 1773 611 1824 vitia
661 1774 717 1823 in
767 1774 1025 1825 omnibus
1077 1774 1260 1826 stultis
1305 1789 1480 1838 aeque
1530 1790 1735 1840 magna
1785 1783 1926 1836 sunt,

238 1860 464 1898 necesse
505 1852 589 1898 est
629 1848 787 1909 paria
826 1861 949 1899 esse
990 1854 1232 1911 peccata.
1280 1849 1452 1905 Quasi
1492 1864 1624 1901 vero
1665 1856 1761 1901 aut
1799 1865 1926 1902 con-

240 1920 467 1971 cedatur
512 1921 567 1971 in
614 1921 872 1973 omnibus
918 1922 1101 1973 stultis
1147 1936 1322 1986 aeque
1361 1938 1566 1988 magna
1609 1938 1731 1975 esse
1775 1926 1925 1983 vitia,

238 1999 292 2045 et
348 1994 544 2046 eadem
602 1995 959 2047 inbecillitate
1015 2002 1069 2047 et
1124 1997 1496 2049 inconstantia
1547 1997 1601 2048 L.
1648 1998 1925 2050 Tubulum

239 2068 429 2126 fuisse,
463 2083 573 2132 qua
605 2069 777 2128 illum,
810 2071 966 2121 cuius
999 2070 1046 2121 is
1075 2071 1475 2122 condemnatus
1507 2078 1590 2123 est
1621 2074 1925 2135 rogatione,
1953 2089 1998 2124 25

238 2142 293 2192 Ρ.
327 2141 668 2202 Scaevolam,
712 2149 767 2195 et
809 2145 968 2207 quasi
1011 2145 1147 2195 nihil
1185 2145 1325 2197 inter
1367 2159 1454 2197 res
1499 2160 1718 2210 quoque
1757 2148 1924 2210 ipsas,

238 2217 293 2266 in
333 2217 534 2280 quibus
574 2223 847 2280 peccatur,
885 2218 1114 2276 intersit,
1154 2224 1228 2277 ut,
1264 2233 1374 2282 quo
1412 2220 1516 2270 hae
1554 2221 1792 2273 maiores
1827 2222 1926 2271 mi-

238 2304 473 2342 noresve
525 2292 648 2350 sint,
699 2305 781 2350 eo,
833 2306 974 2355 quae
1026 2299 1319 2355 peccentur
1362 2295 1418 2344 in
1467 2294 1553 2345 his
1603 2295 1782 2353 rebus,
1830 2301 1927 2346 aut

239 2365 452 2416 maiora
489 2366 598 2417 sint
635 2371 732 2417 aut
767 2367 1010 2418 minora!
1059 2367 1249 2430 Itaque
1281 2395 1344 2402 ——
1380 2368 1489 2418 iam
1528 2369 1673 2419 enim
1708 2369 1926 2419 conclu-

240 2438 403 2490 datur
437 2439 615 2490 oratio
652 2468 714 2475 —-
748 2440 855 2491 hoc
886 2454 998 2491 uno
1028 2441 1163 2492 vitio
1198 2441 1438 2492 maxime
1470 2442 1603 2492 mihi
1636 2444 1809 2504 premi
1845 2444 1925 2493 vi·
1950 2460 1996 2495 30

239 2512 438 2564 dentur
463 2513 542 2563 tui
570 2511 755 2572 Stoici,
783 2513 932 2577 quod
962 2528 1020 2566 se
1042 2528 1208 2577 posse
1235 2521 1431 2578 putant
1457 2516 1597 2567 duas
1622 2517 1924 2567 contrarias

240 2587 540 2638 sententias
596 2588 860 2651 optinere.
918 2588 1050 2651 quid
1105 2589 1251 2639 enim
1305 2594 1390 2641 est
1438 2594 1551 2640 tam
1605 2604 1922 2653 repugnans

240 2674 404 2723 quam
450 2661 688 2712 eundem
737 2661 932 2719 dicere,
978 2662 1128 2725 quod
1174 2663 1468 2714 honestum
1499 2665 1594 2722 tsit,
1641 2663 1820 2715 solum
1866 2664 1921 2714 id

235 2734 442 2785 bonum
481 2748 619 2793 esse,
656 2735 749 2798 qui
787 2735 934 2786 dicat
970 2737 1369 2799 appetitionem
1405 2751 1587 2787 rerum
1622 2737 1694 2787 ad
1733 2738 1922 2788 viven-

313 2861 340 2901 8
373 2861 438 2902 nil
469 2873 558 2903 om.
591 2862 628 2904 R
743 2862 987 2912 paleamne
1018 2863 1059 2904 V
1091 2864 1270 2913 paleam
1305 2875 1364 2905 ne
1395 2864 1482 2906 RN
1514 2864 1753 2914 paleamve
1785 2863 1867 2905 BE

243 2919 296 2960 16
321 2921 400 2970 qui
426 2918 610 2972 cuique]
637 2923 911 2973 cuicumque
926 2923 1050 2964 Mdv.
1170 2923 1223 2964 17
1250 2924 1436 2973 quidem
1462 2923 1600 2964 modo
1626 2924 1754 2972 paria
1769 2924 1926 2966 Lamb-

240 2979 379 3020 modo
413 2981 540 3030 paria
571 2981 758 3031 quidem
879 2981 938 3023 25
969 2993 1062 3031 qua
1091 2982 1175 3024 BE
1207 2993 1344 3032 quam
