2046 3138
50 161 78 213 §
105 163 280 206 54—58
397 214 399 216 ,
558 159 644 206 DE
677 157 930 207 FINIBUS
964 157 1113 207 BoN.
1148 160 1226 207 ΕΤ
1259 158 1411 208 MAL.
1734 170 1835 220 145

142 297 498 363 Dionysium;
530 298 659 349 huic
690 300 829 351 mori
862 301 1134 363 optimum
1167 314 1291 352 esse
1318 305 1545 364 propter
1576 300 1836 364 despera-

146 373 352 424 tionem
395 373 717 436 sapientiae,
760 373 839 424 illi
883 380 1110 438 propter
1153 389 1309 438 spem
1352 376 1555 427 vivere.
1611 380 1837 438 peccata

143 452 328 498 autem
382 448 583 510 partim
637 462 761 499 esse
813 449 1139 509 tolerabilia,
1194 450 1393 513 partim
1442 450 1596 501 nullo
1650 450 1835 509 mod0‚

143 526 438 585 propterea
490 522 640 586 quod
693 523 804 574 alia
855 529 1082 587 peccata
1133 524 1335 587 plures,
1382 524 1493 575 alia
1545 526 1835 588 pauciores

97 596 302 659 5quasi
359 611 621 648 numeros
679 597 857 649 officii
915 599 1290 662 praeterirent.
1347 600 1457 649 iarn
1510 600 1835 663 insipientes

142 670 284 722 alios
301 671 402 722 'ita
442 685 580 730 esse,
621 677 682 724 ut
722 671 876 724 nullo
912 673 1082 724 modo
1123 673 1195 724 ad
1237 674 1567 737 sapientiam
1606 679 1837 737 possent

143 746 445 807 pervenire,
474 745 631 806 aliOS,
663 747 755 810 qui
785 753 1030 810 possent,
1061 748 1106 798 si
1130 748 1187 798 id
1215 749 1475 812 egissent,
1505 749 1835 812 sapientiam

141 820 421 883 consequi.
498 821 588 872 hic
628 821 960 885 loquebatur
1002 822 1162 874 aliter
1201 831 1366 889 atque
1393 841 1602 886 omneS,
1640 828 1837 877 sentie·

143 894 238 945 bat
278 894 441 954 idem,
485 895 635 959 quod
677 897 856 947 ceteri.
907 910 1010 948 nec
1042 911 1175 949 vero
1216 899 1446 949 minoris
1487 898 1837 950 aestimanda

77 987 121 1023 10
144 968 382 1020 ducebat
423 983 504 1029 ea,
550 984 692 1033 quae
734 971 855 1034 ipse
898 971 1046 1023 bona
1082 978 1311 1036 negaret
1353 986 1492 1032 esse,
1536 987 1701 1037 quarn
1742 972 1836 1032 1111,

145 1043 237 1106 qui
287 1057 354 1094 ea
403 1044 551 1095 bona
600 1058 723 1106 esse
773 1045 1046 1098 dicebant.
1075 1047 1225 1110 ,quid
1275 1047 1444 1110 igitur
1491 1047 1670 1099 voluit
1717 1047 1836 1106 sibi,

143 1118 237 1180 qui
287 1117 391 1169 illa·
433 1120 770 1171 mutaverit?
821 1120 1017 1171 saltem
1067 1120 1279 1185 aliquid
1326 1121 1396 1173 de
1447 1121 1693 1185 pondere
1745 1122 1838 1173 de·

142 1193 403 1244 traxisset
459 1198 514 1244 et
571 1193 742 1257 paulo
798 1195 1028 1246 minoris
1085 1196 1495 1248 aestimavisset
1546 1210 1614 1247 ea
1654 1201 1836 1260 'quam

142 1266 508 1330 Peripatetici,
536 1274 598 1319 ut
628 1269 830 1320 sentire
860 1283 1081 1333 quoque
1110 1270 1278 1329 aliud,
1302 1284 1415 1321 non
1445 1270 1626 1322 solum
1657 1271 1837 1322 dicere

0 1385 1 1400 ἢ
76 1362 120 1396 15
143 1340 440 1392 videretur.
486 1341 674 1398 Quid?
713 1343 782 1394 de
814 1344 939 1407 ipsa
972 1344 1135 1396 beata
1168 1346 1298 1403 vita,
1337 1345 1409 1395 ad
1450 1359 1616 1408 quarn
1651 1347 1839 1397 omnia

143 1414 472 1476 referuntur,
514 1430 656 1480 quae
697 1417 920 1469 dicitis?
967 1419 1186 1482 negatis
1226 1432 1349 1470 eam
1384 1433 1522 1479 esse,
1565 1434 1706 1484 quae
1745 1434 1838 1472 ex-

143 1489 294 1552 pleta
342 1491 413 1542 sit
462 1491 720 1542 omnibus
769 1492 836 1543 iis
885 1492 1065 1551 rebus
1110 1507 1249 1556 quas
1297 1499 1497 1545 natura
1545 1494 1837 1554 desideret,

143 1570 429 1628 totamque
467 1579 590 1616 eam
630 1566 686 1616 in
724 1581 836 1617 una
873 1568 1077 1618 virtute
1110 1569 1342 1630 ponitis;
1382 1582 1616 1633 cumque
1655 1571 1836 1621 omnis

0 1695 1 1699 ἵ
144 1641 523 1691 controversia
571 1646 668 1692 aut
718 1640 788 1692 de
836 1655 893 1692 re
944 1641 1122 1693 soleat
1164 1647 1262 1694 aut
1311 1643 1380 1693 de
1428 1644 1652 1695 nomine
1698 1658 1836 1703 esse,

75 1735 120 1770 20
142 1719 377 1777 utraque
434 1728 625 1765 earum
683 1716 942 1774 nascitur,
1001 1717 1068 1766 siv
1104 1722 1201 1768 aut
1252 1731 1339 1768 res
1397 1718 1685 1781 ignoratur
1741 1725 1837 1770 aut

142 1794 356 1840 erratur
408 1790 465 1839 in
519 1790 759 1840 nomine.
814 1804 1048 1853 quorum
1105 1792 1151 1842 si
1185 1797 1456 1843 ⁴neutrum
1511 1798 1610 1852 est,
1665 1807 1837 1858 opera

144 1864 332 1915 danda
381 1869 479 1923 est,
530 1870 591 1916 ut
637 1865 823 1916 verbis
873 1870 1304 1930 utamur-quam
1355 1868 1734 1921 usitatissimis
1783 1875 1838 1921 et

1871 831 1926 874 57

143 1952 308 2002 quam
352 1940 593 1990 maxime
637 1940 799 2003 aptiS,
841 1940 898 1990 id
942 1945 1027 1992 est
1062 1951 1178 1992 rem
1222 1941 1648 1995 declarantibus.
1701 1959 1834 1996 num
1871 1962 1928 2002 58

143 2013 314 2076 igitur
354 2013 586 2064 dubium
628 2020 727 2073 est,
770 2015 916 2078 quin,
960 2015 1097 2069 siin
1138 2029 1196 2066 re
1235 2017 1360 2079 ipsa
1396 2017 1532 2068 nihil
1576 2024 1837 2081 peccatur

2 2147 3 2157 ἶ
77 2108 122 2143 25
144 2100 178 2137 a
213 2088 609 2150 superioribus,
647 2088 832 2139 verbis
871 2088 951 2139 illi
991 2090 1341 2142 commodius
1377 2093 1642 2143 utantur?
1684 2093 1838 2145 vide-

143 2175 303 2212 amus
330 2162 500 2225 igitur
528 2164 830 2214 sententias
857 2176 1064 2222 eorum,
1092 2169 1209 2215 tum
1232 2165 1304 2215 ad
1331 2165 1500 2216 verba
1528 2166 1836 2219 redeamus

216 2235 420 2288 Dicunt
476 2237 876 2300 appetitionem
935 2238 1104 2289 animi
1161 2241 1388 2299 moveri,
1447 2254 1571 2291 cum
1623 2241 1834 2306 aliquid
1855 2248 1919 2297 21

143 2311 192 2362 ei
233 2310 539 2362 secundum
579 2316 835 2363 naturam
874 2325 997 2363 esse
1035 2312 1306 2373 videatur,
1341 2316 1653 2379 omniaque,
1695 2331 1836 2380 quae

148 2385 453 2436 secundum
503 2391 758 2437 naturam
813 2387 936 2445 sint,
989 2388 1376 2440 aestimatione
1428 2389 1616 2454 aliqua
1669 2391 1839 2456 digna

75 2481 121 2516 30
145 2473 321 2523 eaque
360 2474 462 2523 pro
503 2474 584 2519 e0,
626 2466 893 2523 quantum
933 2462 989 2512 in
1025 2476 1245 2526 quoque
1286 2465 1356 2515 sit
1395 2465 1675 2527 ponderis,
1710 2480 1837 2518 esse

143 2534 507 2594 aestimanda,
547 2548 799 2598 quaeque
839 2536 1144 2587 secundum
1182 2543 1437 2589 naturam
1478 2539 1601 2599 sint,
1635 2542 1836 2603 partim

145 2608 280 2658 nihil
323 2609 527 2660 habere
569 2610 624 2659 in
667 2623 789 2660 sese
831 2610 951 2661 eius
988 2612 1363 2674 appetitionis,
1407 2613 1476 2664 de
1519 2628 1628 2677 qua
1668 2629 1836 2678 saepe

219 2767 246 2808 2
280 2769 441 2818 partim
475 2770 627 2809 autem
662 2771 853 2818 peccata
884 2768 968 2811 BE
1120 2769 1146 2810 8
1179 2772 1409 2813 sentiebat
1441 2774 1544 2814 edd.
1578 2775 1842 2815 sentiebant

145 2822 390 2879 (sencieb.)
509 2827 563 2869 10
595 2825 714 2878 ipse]
749 2825 826 2878 ipe
860 2824 908 2878 (ἔ
940 2841 994 2870 ex
1027 2841 1146 2872 corr.
1181 2831 1229 2871 in
1261 2829 1378 2883 ras.)
1410 2832 1452 2873 N
1483 2833 1587 2882 ipsa
1702 2845 1839 2884 quam

144 2886 207 2926 illi
330 2887 547 2928 dicebant
578 2884 639 2937 (υ.
668 2884 736 2938 11)
770 2899 858 2930 om.
892 2889 926 2930 E
1022 2889 1071 2930 11
1110 2890 1326 2931 dicebant
1359 2902 1464 2933 esse
1495 2891 1532 2932 B
1629 2893 1683 2933 14
1716 2894 1841 2934 aliud

145 2956 333 2996 quoque
364 2946 446 2987 BE
541 2947 594 2987 17
628 2948 715 2998 hijs
741 2948 879 2989 rebus
902 2951 1118 2990 omnibus
1143 2949 1225 2991 BE
1317 2951 1374 2992 22
1408 2955 1478 2992 est
1503 2948 1642 3003 (post
1666 2951 1839 3005 danda)

144 3016 234 3047 om.
267 3005 348 3046 BE
470 3006 528 3048 30
562 3018 750 3057 quoque
775 3007 824 3049 Ρ.
842 3008 968 3050 Μαη.
1003 3020 1189 3060 quaque

220 3081 305 3119 Cic.
329 3083 374 3118 43
1517 3087 1570 3127 10
