2046 3138
82 115 258 156 89—93
536 110 622 155 DE
655 108 908 156 F1Nfflus
942 107 1092 155 BON.
1126 107 1204 154 ET
1237 107 1391 154 MAL.
1708 114 1808 164 201

119 247 254 299 solis
282 248 470 299 radios
501 249 790 299 incurrere.
827 247 901 298 At
928 248 1090 306 enim,
1121 260 1231 310 qua
1258 247 1313 297 in
1338 246 1454 297 vita
1484 251 1568 297 est
1597 244 1808 307 aliquid
1846 254 1897 294 91

118 322 264 381 mali,
292 336 358 374 ea
386 322 549 374 beata
575 336 698 374 esse
725 336 837 373 non
867 327 1065 385 potest.
1104 335 1172 372 ne
1197 334 1357 384 seges
1389 320 1613 384 quidem
1643 319 1811 382 igitur

120 397 286 460 spicis
323 397 586 448 uberibus
625 402 679 448 et
716 396 934 454 crebriS,
974 397 1019 447 si
1058 410 1292 447 avenam
1331 395 1551 458 uspiam
1586 394 1808 453 videriS,

118 485 219 522 nec
254 476 564 523 mercatura
604 476 956 534 quaestuosa,
997 471 1042 521 si
1082 471 1136 520 in
1176 470 1433 520 maximis
1472 468 1638 519 lucris
1675 482 1810 531 pau-

65 560 88 594 5
118 545 232 595 lum
264 545 475 608 aliquid
513 545 699 596 damni
734 546 1081 596 contraxerit.
1126 559 1197 595 an
1230 544 1337 595 hoc
1369 557 1545 607 usque
1576 556 1810 606 quaque,

117 619 276 671 aliter
310 620 364 670 in
401 620 555 670 vita?
600 625 654 670 et
687 633 799 670 non
836 633 904 670 ex
939 619 1182 669 maxima
1215 624 1370 681 parte
1409 618 1478 669 de
1514 623 1632 669 tota
1667 616 1809 667 iudi-

119 694 309 745 cabis?
351 708 422 744 an
460 693 690 744 dubium
726 698 824 751 est,
861 694 992 757 quin
1027 694 1204 744 virtus
1240 694 1316 744 ita
1347 693 1647 743 maximam
1686 705 1810 754 par-

118 773 228 819 tem
270 769 519 831 optineat
562 769 616 818 in
659 767 824 819 rebus
867 767 1141 826 humanis,
1184 772 1244 818 ut
1287 766 1529 830 reliquas
1569 767 1809 818 obruat?

115 842 352 893 Audebo
395 843 563 906 igitur
608 847 802 901 cetera,
846 856 988 906 quae
1033 841 1338 893 secundum
1382 846 1638 892 naturam
1684 840 1808 899 sint,

51 932 93 967 10
117 917 263 967 bona
289 916 574 980 appellare
606 930 710 968 nec
735 915 997 967 fraudare
1028 929 1130 967 suo
1158 921 1345 967 vetere
1377 916 1599 966 nomine
1630 928 1811 978 neque

116 992 225 1041 iam
240 991 468 1054 aliquod
492 992 679 1055 potius
694 1005 902 1041 novum
927 991 1232 1053 exquirere,
1251 990 1473 1041 virtutis
1485 996 1674 1041 autem
1697 1003 1811 1039 am-

117 1065 446 1128 plitudinem
476 1066 634 1128 quasi
667 1067 722 1115 in
745 1065 922 1116 altera
950 1064 1122 1115 librae
1151 1064 1306 1115 lance
1340 1078 1561 1127 ponere.
1593 1070 1809 1123 terram,
1845 1076 1900 1116 92

115 1140 246 1190 mihi
285 1140 461 1198 crede,
499 1154 566 1191 ea
601 1139 731 1190 lanx
767 1145 822 1191 et
858 1140 1033 1190 maria
1071 1139 1357 1202 deprimet.
1404 1152 1623 1202 semper
1658 1140 1807 1190 enim

115 1228 182 1266 ex
226 1228 308 1273 e0‚
357 1214 507 1278 quod
554 1215 827 1266 maximas
874 1219 1060 1277 partes
1123 1215 1366 1265 continet
1427 1213 1807 1277 latissimeque

49 1304 92 1339 15
116 1288 381 1348 funditur,
420 1294 537 1341 tota
575 1303 663 1340 res
700 1288 1030 1352 appellatur.
1081 1288 1315 1339 dicimus
1354 1288 1595 1352 aliquem
1634 1287 1807 1339 hilare

114 1364 326 1422 vivere;
359 1377 508 1427 ergo,
546 1364 591 1415 si
627 1363 797 1415 semel
833 1363 1041 1415 tristior
1075 1363 1314 1415 effectus
1349 1368 1446 1421 est,
1478 1362 1656 1413 hilara
1692 1363 1808 1413 vita

113 1438 321 1489 amissa
358 1439 480 1489 est?
530 1443 586 1489 at
624 1437 730 1489 hoc
767 1439 820 1489 in
861 1452 927 1489 eo
970 1437 1039 1489 M.
1057 1437 1274 1495 Crasso,
1311 1451 1473 1501 quem
1517 1436 1685 1488 semel
1729 1438 1807 1488 ait

112 1513 167 1563 in
218 1513 334 1564 vita
372 1513 561 1564 risisse
596 1512 854 1571 Lucilius,
892 1526 1004 1563 non
1043 1513 1288 1575 contigit,
1327 1518 1387 1563 ut
1421 1525 1487 1563 ea
1525 1525 1582 1563 re
1620 1512 1804 1562 minus

112 1582 432 1653 ἀγέλαστος,
492 1595 551 1641 ut
597 1591 672 1640 ait
723 1590 893 1648 idem,
951 1594 1253 1641 vocaretur.
1317 1589 1656 1653 Polycratem
1714 1587 1809 1639 Sa-

44 1677 90 1712 20
112 1662 284 1712 mium
309 1661 526 1713 felicem
553 1661 928 1725 appellabant.
963 1661 1099 1712 nihil
1124 1661 1401 1712 acciderat
1425 1661 1491 1719 ei,
1517 1660 1667 1724 quod
1687 1659 1806 1711 nol-

112 1735 200 1794 let,
224 1736 330 1787 nisi
356 1735 506 1800 quod
530 1735 774 1795 anulum,
798 1749 908 1800 quo
935 1735 1328 1794 delectabatur,
1353 1736 1408 1787 in
1427 1736 1565 1785 mari
1593 1735 1805 1786 abiece-

113 1815 211 1862 rat.
248 1824 382 1874 ergo
410 1810 604 1861 infelix
629 1825 741 1861 una
766 1810 1038 1868 molestia,
1066 1809 1202 1861 felix
1228 1824 1434 1868 rursus,
1458 1824 1581 1860 cum
1610 1810 1657 1860 is
1685 1810 1805 1872 ipse

112 1884 312 1936 anulus
354 1885 408 1935 in
453 1884 792 1948 praecordiis
835 1885 1004 1948 piscis
1046 1885 1304 1936 inventus
1346 1885 1470 1935 est?
1522 1883 1614 1935 ille
1652 1898 1801 1942 vero,

113 1960 157 2010 si
186 1959 454 2022 insipiens
487 1987 549 1993 —
577 1959 726 2021 quod
757 1965 916 2017 certe,
946 1959 1208 2021 quoniam
1243 1965 1510 2022 tyrannus
1544 1987 1620 2016 —,
1649 1973 1805 2009 num-

43 2049 88 2085 25
113 2047 276 2096 quam
315 2033 537 2091 beatus:
576 2033 622 2084 si
661 2034 899 2096 sapiens,
937 2047 1006 2084 ne
1043 2038 1159 2084 tum
1199 2032 1422 2096 quidem
1458 2034 1639 2091 miser,
1680 2047 1803 2083 cum

111 2108 181 2158 ab
206 2107 423 2166 Oroete,
450 2113 704 2170 praetore
728 2106 908 2165 Darei,
933 2107 987 2157 in
1014 2121 1229 2158 crucem
1254 2112 1411 2158 actus
1431 2112 1530 2158 est.
1568 2106 1640 2158 At
1663 2107 1804 2157 mul-

113 2182 182 2233 tis
220 2181 382 2232 malis
423 2181 679 2233 affectus
731 2181 868 2238 Quis
907 2182 1114 2245 negat?
1154 2181 1251 2232 sed
1292 2195 1358 2232 ea
1393 2181 1541 2232 mala
1581 2182 1802 2233 virtutis

112 2256 495 2320 magnitudine
538 2255 930 2307 obruebantur.
1825 2297 1887 2347 31

175 2330 262 2381 An
295 2344 364 2382 ne
398 2330 504 2381 hoc
536 2329 759 2394 quidem
794 2330 1173 2393 Peripateticis
1208 2329 1481 2389 concedis,
1516 2335 1576 2381 ut
1618 2330 1803 2382 dicant
1838 2369 1895 2410 93

43 2421 89 2457 3ο
112 2405 359 2456 omnium
384 2404 659 2455 bonorum
682 2404 943 2462 virorum,
965 2403 1020 2454 id
1044 2409 1129 2455 est
1151 2405 1485 2467 sapientium
1509 2405 1792 2456 omnibus-

185 2592 211 2632 4
245 2592 431 2641 paulum
456 2593 605 2633 Brem.
639 2603 797 2641 parum
928 2591 955 2631 9
988 2592 1140 2633 audeo
1172 2591 1210 2633 R
1302 2595 1408 2633 sunt
1431 2592 1473 2634 V
1602 2591 1656 2633 10
1688 2592 1805 2633 frau-

110 2652 205 2692 dari
237 2651 322 2693 BR
470 2654 623 2693 vetere
654 2651 765 2693 Wes.
799 2653 864 2693 ad
895 2663 964 2692 or.
993 2664 1041 2703 ρ.
1067 2650 1185 2693 Sest.
1215 2664 1264 2703 p.
1293 2657 1317 2693 7
1347 2648 1455 2702 (sec.
1487 2649 1633 2702 Mdv.)
1664 2653 1806 2693 veteri

184 2722 338 2760 neque
372 2712 461 2751 iam
493 2710 565 2753 Se.
603 2723 739 2762 quam
896 2710 946 2751 11
983 2711 1173 2761 aliquod
1205 2711 1361 2753 Lamb.
1395 2712 1571 2762 aliquid
1602 2711 1691 2754 Rv
1723 2712 1805 2752 ali-

110 2782 247 2820 quam
280 2770 363 2811 BE
437 2771 672 2820 acquirere
705 2770 739 2811 E
845 2770 898 2811 17
933 2773 977 2810 at
1008 2770 1195 2812 Asc-ens.
1229 2782 1288 2811 an
1383 2782 1520 2821 quem
1652 2772 1805 2812 risisse

109 2829 298 2872 Sacerd.
331 2827 548 2881 (mamm.
574 2830 674 2873 Lat.
703 2842 759 2871 ex
790 2841 878 2871 rec.
903 2830 959 2871 H.
978 2830 1079 2871 Keil
1109 2830 1162 2871 VI
1181 2827 1279 2880 442)
1416 2832 1479 2871 alt
1512 2832 1558 2871 in
1590 2832 1683 2871 vita
1715 2843 1805 2872 om.

109 2888 296 2931 Sacerd.
389 2889 446 2930 20
479 2890 707 2930 acciderat
730 2889 771 2931 V
795 2890 1023 2931 accideret
1114 2889 1170 2930 26
1204 2889 1374 2934 Oroete
1397 2890 1506 2933 Vict.
1536 2893 1698 2932 oronte
1722 2890 1806 2932 BE

110 2949 284 2991 oriente
316 2949 354 2990 R
386 2952 544 2991 orente
576 2949 617 2990 V
738 2948 799 2990 At
830 2949 870 2991 V
903 2949 962 2991 ad
993 2949 1030 2991 R
1062 2952 1108 2992 et
1139 2949 1222 2992 BE
