2046 3138
149 822 205 863 35

154 1899 212 1948 11

148 1970 204 2011 36

242 161 344 211 102
486 202 487 205 ,
665 153 750 199 DE
783 152 1036 200 FINIBUS
1069 151 1218 199 BON.
1253 152 1331 198 ET
1364 152 1519 198 MAL.
1618 157 2021 199 Lib.111c.10-—11

238 297 520 361 paratione
555 309 678 346 curn
711 294 832 345 aliis
865 294 1025 345 dulce
1053 308 1174 345 esse
1200 295 1439 354 sentitur,
1474 295 1552 345 sic
1581 295 1789 346 bonum
1815 296 1936 355 hoo,

237 372 307 426 de
342 385 452 434 quo
487 371 718 434 agimuS,
753 376 834 420 est
858 369 992 419 illud
1019 369 1242 433 quidem
1278 369 1492 432 plurimi
1518 370 1936 430 aestimandum,

236 446 337 497 sed
372 459 438 495 ea
463 445 770 495 aestimatio
798 457 999 507 genere
1025 443 1187 502 valet,
1220 457 1333 494 non
1359 444 1753 507 magnitudine.
1808 459 1936 494 nam

238 535 362 571 cum
396 520 721 577 aestimatio,
756 533 899 581 quae
932 511 1058 575 ἀξία
1091 518 1296 576 dicitur,
1337 532 1519 581 neque
1559 519 1614 568 in
1647 519 1807 570 bonis
1840 534 1937 569 nu-

237 599 445 645 merata
477 596 545 644 sit
576 608 679 644 nec
712 608 894 643 rursus
927 594 982 642 in
1008 593 1182 651 malis,
1216 597 1723 656 quantumcumque
1749 607 1815 644 eo
1842 594 1935 643 ad-
1979 603 2003 638 5

239 669 456 727 dideriS,
489 670 544 719 in
578 682 679 718 suo
714 681 916 731 genere
949 668 1207 726 manebit.
1264 667 1372 717 alia
1405 672 1486 718 est
1526 669 1687 732 igitur
1720 669 1938 730 propria

239 745 547 795 aestimatio
580 744 813 801 virtutiS,
848 756 991 805 quae
1024 755 1247 805 genere,
1288 755 1401 792 non
1436 742 1731 794 crescendo
1774 742 1936 793 valet.

239 818 355 869 Nec
392 832 524 870 vero
567 817 1002 880 perturbationes
1043 818 1374 875 animorum,
1415 831 1559 880 quae
1601 818 1770 867 vitam
1811 818 1937 867 insi-

240 894 505 956 pientium
527 893 783 942 miseram
805 891 1171 954 acerbamque
1191 891 1439 950 reddunt,
1463 905 1600 954 quas
1625 890 1816 942 Graeci
1837 885 1938 938 πά-

238 967 316 1030 θη
340 966 621 1030 appellant
638 991 708 999 -—
727 970 973 1029 poteram
997 979 1101 1029 ego
1123 966 1352 1016 verbum
1375 966 1555 1028 ipsum
1580 967 1937 1028 interpretans
1963 974 2007 1010 1⁰

239 1042 462 1094 morbos
496 1041 788 1104 appellare,
829 1040 927 1091 sed
961 1054 1074 1091 non
1109 1041 1427 1091 conveniret
1458 1041 1527 1090 ad
1562 1042 1770 1098 omnia;
1817 1042 1939 1103 quis

241 1117 385 1167 enim
405 1115 832 1167 misericordiam
852 1120 945 1165 aut
970 1116 1146 1177 ipsam
1165 1115 1502 1165 iracundiam
1528 1115 1780 1166 morbum
1799 1115 1941 1166 solet

241 1191 459 1242 dicere?
500 1195 554 1241 at
578 1190 654 1240 illi
681 1190 868 1240 dicunt
891 1182 1089 1246 πάθος.
1138 1191 1207 1240 sit
1231 1191 1391 1253 igitur
1416 1190 1763 1252 perturbatio,
1797 1203 1939 1252 quae

238 1266 462 1317 nomine
503 1266 625 1328 ipso
665 1265 866 1315 vitiosa
902 1263 1162 1315 declarari
1194 1265 1409 1315 videtur
1443 1258 1572 1328 [nec
1604 1278 1704 1315 eae
1738 1269 1940 1326 pertur-

237 1340 488 1391 bationes
520 1340 576 1390 vi
616 1339 801 1402 aliqua
833 1338 1064 1389 naturali
1107 1332 1438 1402 moventur].
1500 1353 1806 1402 omnesque
1841 1352 1939 1389 eae
1965 1347 2008 1383 15

238 1420 364 1465 sunt
381 1428 582 1478 genere
601 1418 869 1477 quattuor,
896 1413 1138 1476 partibus
1157 1413 1353 1476 plureS,
1369 1413 1670 1477 aegritudo,
1687 1413 1936 1471 formido,

237 1489 423 1548 libido,
480 1502 760 1552 quamque
811 1487 979 1539 Stoici
1017 1489 1296 1539 communi
1337 1489 1563 1539 nomine
1603 1489 1844 1550 corporis
1885 1492 1938 1537 et

237 1565 406 1614 animi
431 1558 643 1626 ἡδονήν
667 1562 962 1626 appellant,
990 1575 1095 1626 ego
1118 1562 1265 1613 malo
1292 1562 1618 1612 laetitiam
1644 1561 1936 1625 appellare,

237 1639 395 1702 quasi
436 1638 718 1701 gestientis
761 1638 928 1687 animi
965 1636 1259 1688 elationem
1291 1636 1672 1699 voluptariam.
1735 1641 1936 1700 pertur-

236 1714 489 1764 bationes
537 1717 721 1763 autem
755 1711 906 1762 nulla
930 1716 1156 1762 naturae
1179 1712 1235 1761 vi
1262 1716 1693 1770 commoventur,
1727 1711 1936 1762 omnia-
1958 1720 2004 1756 20

237 1802 345 1850 que
379 1801 445 1837 ea
486 1791 614 1838 sunt
645 1787 936 1849 opiniones
971 1800 1035 1836 ac
1074 1786 1277 1836 iudicia
1308 1786 1558 1836 levitatis,
1621 1787 1807 1848 itaque
1850 1785 1934 1835 his

239 1863 461 1924 sapiens
496 1875 712 1924 semper
742 1861 975 1911 vacabit.

314 1934 494 1986 Omne
527 1940 726 1994 autem,
760 1935 911 1998 quod
944 1934 1239 1986 honesturn
1273 1935 1354 1993 sit,
1388 1934 1443 1984 id
1470 1948 1592 1984 esse
1626 1938 1844 1997 propter
1875 1948 1935 1984 se

239 2010 607 2073 expetendum
635 2023 928 2061 commune
953 2009 1114 2060 nobis
1141 2013 1223 2059 est
1247 2023 1371 2059 cum
1391 2008 1685 2059 multorum
1704 2008 1934 2060 aliorum

238 2084 695 2148 philosophorum
722 2085 1019 2135 sententiis,
1061 2088 1272 2146 praeter
1297 2084 1443 2134 enim
1468 2087 1574 2134 tres
1601 2083 1932 2146 disciplinas,
1956 2092 2002 2129 25

239 2173 382 2222 quae
413 2160 669 2210 virtutem
702 2173 736 2208 a
767 2173 984 2209 summo
1019 2158 1169 2210 bono
1202 2158 1512 2216 excludunt,
1546 2158 1736 2208 ceteris
1763 2156 1936 2209 omni-

237 2234 341 2285 bus
376 2233 722 2297 philosophis
755 2233 894 2284 haec
927 2237 1009 2283 est
1040 2232 1246 2284 tuenda
1270 2233 1554 2291 sententia,
1588 2233 1826 2282 maxime
1857 2236 1935 2281 ta-

239 2322 366 2359 men
399 2308 484 2358 his
518 2301 777 2371 [Stoicis],
818 2308 911 2371 qui
951 2306 1086 2357 nihil
1119 2306 1268 2358 aliud
1311 2307 1366 2356 in
1400 2307 1671 2364 bonorum
1704 2320 1932 2357 numero

237 2383 342 2433 nisi
383 2382 677 2434 honestum
720 2396 842 2433 esse
880 2381 1186 2433 voluerunt.
1256 2381 1354 2432 sed
1403 2381 1542 2431 haec
1585 2381 1808 2443 quidem
1854 2385 1936 2431 est

238 2456 506 2519 perfacilis
548 2460 600 2507 et
641 2455 995 2520 perexpedita
1036 2455 1299 2506 defensio.
1363 2456 1484 2518 quis
1519 2459 1600 2505 est
1640 2455 1800 2513 enim,
1841 2459 1934 2504 aut
1957 2464 2004 2499 ³0

240 2531 362 2594 quis
395 2544 659 2594 umquam
694 2530 793 2581 fuit
824 2535 918 2581 aut
950 2531 1183 2590 avaritia>
1208 2535 1319 2580 tam
1353 2530 1562 2580 ardenti
1596 2534 1690 2580 aut
1720 2527 1831 2579 tam
1855 2528 1934 2591 ‚ef-

239 2605 459 2656 frenatis
493 2605 895 2668 cupiditatibuS‚
929 2604 1246 2656 ut'eandem
1279 2604 1427 2662 illam
1461 2618 1588 2663 rem,
1623 2617 1788 2667 quam
1821 2603 1934 2652 adi-

312 2751 338 2792 5
371 2762 522 2794 rursus
545 2745 611 2794 Ν*
641 2753 758 2794 risus
845 2752 894 2793 11
929 2751 1196 2794 conveniret
1215 2750 1267 2793 A.
1283 2751 1422 2792 Μαὴ..
1437 2751 1683 2792 conveniet
1703 2748 1933 2790 ABERN

234 2812 486 2853 conveniat
516 2811 559 2853 V
667 2811 722 2852 14
752 2813 859 2853 secl.
891 2812 1015 2853 Mdv.
1126 2810 1180 2852 15
1213 2807 1316 2860 eae]
1350 2820 1406 2851 ee
1437 2809 1526 2852 RV
1557 2809 1617 2850 he
1650 2804 1700 2858 (h
1732 2810 1780 2849 in
1814 2804 1928 2859 ras.)

234 2870 275 2911 N
306 2871 394 2911 hec
424 2869 528 2918 BE;
561 2882 651 2912 om.
678 2867 857 2922 (spatio
886 2882 1039 2922 parvo
1071 2866 1256 2918 relicto)
1281 2868 1324 2911 A
1465 2867 1522 2909 28
1555 2869 1643 2909 del.
1676 2868 1834 2908 Lamb.

233 2929 292 2970 30
323 2932 369 2970 et
399 2931 618 2980 expedita
648 2929 781 2971 BEN
877 2929 934 2972 32
967 2940 1104 2980 quam
1137 2931 1239 2972 cod.
1264 2929 1446 2970 Monac.
1471 2938 1558 2969 sec.
1584 2927 1736 2977 Mdv.,·
1769 2938 1927 2976 quam-

235 2999 371 3038 quam
780 3019 782 3021 .
