2046 3138
63 147 92 199 ς
121 148 293 191 10—-14
450 117 452 119 ’
581 142 667 189 DE
700 141 953 189 Fmrssus
988 140 1136 189 ssoN.
1171 141 1249 188 ET
1283 141 1435 189 MAL.
1762 148 1861 201 125

164 287 305 337 neris
339 290 523 336 essent
557 290 916 347 quaereretur,
949 285 1100 336 Zeno
1128 286 1181 335 id
1209 285 1343 335 dixit
1368 298 1491 336 esse
1517 286 1717 348 ignem,
1751 299 1862 335 non

164 361 314 411 nulla
353 360 554 411 deinde
595 359 760 418 aliter,
806 360 904 410 sed
946 373 1012 410 ea
1054 373 1251 423 pauca;
1296 360 1366 410 de
1407 361 1648 410 maxima
1680 364 1863 410 autem

165 450 220 487 re
253 435 451 486 eodem
486 434 670 493 modo,
713 435 900 484 divina
942 440 1124 485 mente
1165 440 1329 498 atque
1371 440 1563 485 natura
1595 434 1863 485 mundum

164 512 479 561 universum
525 514 578 559 et
623 510 739 559 eius
786 510 1053 559 maximas
1099 511 1263 572 partis
1305 509 1681 561 administrari.
1753 508 1866 559 Ma-

118 599 141 632 5
165 586 354 636 teriam
386 598 517 635 vero
559 597 735 634 rerum
778 588 830 633 et
871 585 1088 647 copiam
1131 585 1279 647 apud
1321 584 1423 635 hos
1457 584 1670 643 exilem,
1716 584 1864 647 apud

163 660 286 711 illos
326 660 654 710 uberrimam
698 659 1046 720 reperiemus,
1112 673 1279 722 quam
1320 659 1490 709 multa
1535 659 1604 709 ab
1639 660 1703 709 iis
1738 673 1866 710 con-

164 735 364 798 quisita
397 739 450 784 et
483 733 712 784 collecta
738 738 863 783 sunt
889 733 958 783 de
985 735 1233 784 omnium
1260 735 1621 784 animantium
1648 747 1864 797 genere,

164 814 298 868 ortu,
342 809 615 867 membris,
660 808 952 859 aetatibus!
1025 822 1192 871 quam
1242 809 1413 858 multa
1460 809 1530 859 de
1577 809 1739 860 rebus
1785 809 1864 867 iiS,

165 898 307 947 quae
351 885 646 947 gignuntur
691 897 721 933 e
766 886 922 933 terra!
999 897 1166 945 quam
1215 883 1420 934 multae
1469 896 1749 947 quamque
1796 883 1865 933 de

98 971 140 1006 10
163 959 326 1009 variis
360 958 521 1009 rebus
555 963 610 1008 et
642 971 857 1016 causae,
892 971 984 1007 cur
1018 958 1262 1021 quidque
1297 959 1404 1018 fiat,
1442 964 1495 1009 et
1528 959 1866 1009 demonstra-

161 1034 353 1092 tiones,
395 1047 560 1096 quem
602 1032 673 1082 ad
714 1032 943 1083 modum
985 1033 1230 1096 quidque
1270 1033 1389 1084 fiat!
1455 1047 1566 1096 qua
1606 1047 1673 1084 ex
1714 1034 1865 1084 omni

162 1109 323 1171 copia
367 1108 600 1170 plurima
644 1111 698 1157 et
742 1108 1043 1158 certissima
1091 1113 1415 1171 argumenta
1459 1113 1747 1158 sumuntur
1795 1107 1865 1157 ad

162 1184 428 1246 cuiusque
462 1184 537 1233 rei
562 1187 813 1232 naturam
840 1182 1240 1244 explicandam.
1297 1183 1436 1246 Ergo
1464 1183 1660 1242 adhuc,
1695 1197 1867 1245 quan-

161 1262 276 1307 tum
311 1257 569 1320 equidem
610 1256 886 1320 intellego,
929 1271 1096 1307 causa
1137 1272 1249 1308 non
1289 1258 1504 1308 videtur
1549 1257 1717 1308 fuisse
1751 1272 1867 1307 mu-

69 1346 138 1395 2¹5
162 1332 313 1382 tandi
358 1333 612 1383 nominiS.
677 1346 790 1382 non
836 1333 997 1391 enirn,
1043 1333 1087 1382 si
1133 1334 1321 1383 omnia
1365 1347 1477 1383 non
1519 1332 1866 1395 sequebatur,

163 1407 362 1458 idcirco
396 1421 508 1458 non
535 1411 647 1457 erat
681 1412 828 1457 ortus
855 1406 1016 1457 illinc,
1074 1407 1333 1470 equidem
1369 1409 1533 1458 etiam
1560 1407 1866 1470 Epicurum,

162 1483 216 1531 in
252 1482 490 1546 physicis
525 1481 765 1544 quidem,
807 1481 1216 1532 Democriteum
1262 1487 1411 1544 puto.
1476 1496 1654 1545 pauca
1695 1486 1868 1532 mutat

160 1556 250 1607 vel
292 1557 446 1619 plura
486 1570 642 1615 sane;
683 1562 737 1606 at
771 1571 896 1606 cum
938 1556 1007 1607 de
1049 1557 1293 1619 plurimis
1336 1557 1533 1607 eadem
1567 1557 1710 1616 dicit,
1752 1562 1867 1607 tum

163 1636 305 1682 certe
338 1631 408 1682 de
441 1632 708 1682 maximis.
772 1631 923 1694 quod
958 1631 1104 1681 idem
1139 1646 1263 1681 cum
1296 1632 1461 1682 vestri
1495 1632 1710 1691 faciant,
1754 1646 1867 1682 non

90 1716 140 1754 20
163 1707 293 1756 satis
328 1720 588 1770 magnam
621 1706 863 1756 tribuunt
896 1706 1274 1756 inventoribus
1307 1708 1552 1770 gratiam.

239 1780 349 1832 Sed
365 1781 503 1832 haec
522 1781 801 1831 hactenus.
835 1795 981 1831 nunc
995 1781 1298 1840 videamuS,
1318 1795 1543 1844 quaeso,
1563 1782 1632 1832 de
1648 1796 1866 1833 summo

163 1855 329 1915 bono,
374 1856 525 1919 quod
559 1857 801 1907 continet
835 1855 1260 1918 philosophiam,
1302 1856 1434 1918 quid
1475 1857 1699 1907 tandem
1733 1861 1869 1906 attu-

164 1930 296 1989 lerit,
330 1945 498 1994 quam
532 1931 605 1981 ob
638 1945 751 1981 rem
786 1931 856 1980 ab
890 1930 1267 1981 inventoribus
1301 1935 1586 1994 tamquam
1620 1945 1654 1981 a
1679 1945 1869 1994 paren-

163 2005 308 2055 tibus
336 2005 659 2056 dissentiret.
709 2005 816 2056 hoc
841 2006 1003 2068 igitur
1027 2005 1167 2064 loco,
1194 2019 1535 2068 quamquam
1561 2020 1594 2055 a
1619 2011 1687 2065 te,
1717 2004 1867 2065 Cat0,

96 2090 141 2126 25
166 2079 453 2143 diligenter
485 2085 568 2130 est
600 2080 947 2143 explicatum,
988 2079 1112 2130 finis
1146 2080 1233 2130 hic
1273 2080 1546 2132 bonorum
1587 2074 1706 2144 [qui
1741 2095 1869 2132 con-

162 2156 296 2204 tinet
329 2148 766 2217 philosophiam]
815 2159 868 2204 et
902 2155 1024 2216 quis
1059 2168 1092 2203 a
1125 2153 1322 2205 Stoicis
1363 2160 1417 2205 et
1450 2169 1615 2218 quem
1650 2155 1720 2205 ad
1754 2170 1869 2206 mo-

164 2229 296 2278 dum
341 2229 622 2288 diceretur,
667 2234 852 2279 tamen
898 2242 1004 2292 ego
1050 2243 1275 2292 quoque
1316 2243 1608 2292 exponam,
1655 2235 1713 2280 ut
1754 2244 1869 2293 per-

163 2305 477 2366 spiciamus,
520 2305 565 2353 si
602 2305 956 2366 potuerimuS,
999 2303 1263 2366 quidnam
1305 2317 1338 2353 a
1369 2304 1595 2355 Zenone
1636 2306 1768 2355 novi
1802 2306 1870 2355 sit

163 2378 404 2429 allatum.
456 2392 580 2428 cum
607 2379 755 2428 enim
781 2379 1105 2440 superioreS,
1139 2392 1169 2429 e
1196 2378 1396 2441 quibus
1424 2379 1743 2442 planissime
1770 2379 1870 2430 Po-

95 2464 141 2499 3ο
167 2451 327 2511 lemo,
361 2453 666 2503 secundum
699 2457 949 2502 naturam
978 2454 1164 2503 vivere
1190 2467 1467 2503 summum
1502 2454 1711 2505 bonum
1747 2468 1870 2504 esse

162 2526 440 2585 dixissent,
474 2527 559 2578 his
583 2527 765 2577 verbis
799 2528 899 2577 tria
931 2527 1225 2591 significari
1257 2527 1426 2579 Stoici
1461 2529 1663 2587 dicunt,
1698 2543 1868 2579 unum

242 2688 269 2728 4
302 2692 348 2730 et
379 2690 522 2730 etiam
556 2688 598 2729 A
736 2689 788 2730 12
821 2693 1059 2732 sumentur
1091 2690 1130 2732 R
1266 2691 1321 2732 16
1354 2691 1598 2742 Epicurum
1633 2693 1737 2732 edd.
1771 2692 1869 2741 epi-

167 2759 374 2789 curorum
531 2748 584 2790 17
617 2748 959 2791 Democriteum
1005 2746 1373 2802 (Democritlum)
1419 2751 1528 2793 vict.
1570 2751 1870 2792 democritum

166 2802 426 2859 spotuitne
453 2808 612 2851 Cicero
637 2810 865 2851 scribere:
896 2809 1093 2859 Epicuro
1120 2821 1260 2858 erum,
1294 2811 1341 2851 in
1368 2811 1445 2860 ph.
1473 2822 1532 2860 q.,
1558 2810 1870 2851 Democritum

168 2862 332 2916 puto'2'
360 2865 506 2918 Mdv.)
632 2867 685 2908 18
718 2869 777 2910 de
810 2869 1014 2919 plurimis
1039 2870 1089 2911 Ρ.
1106 2871 1234 2911 Μαη.
1268 2882 1294 2911 e
1329 2871 1534 2920 plurimis
1661 2869 1714 2909 19
1747 2870 1870 2911 idem

166 2926 274 2967 Ern.
301 2928 410 2968 item
567 2928 623 2968 25
650 2929 738 2969 del.
763 2928 928 2976 Bentl.,
953 2929 1062 2970 Ern.
1216 2929 1274 2971 26
1303 2931 1407 2980 quis
1439 2929 1564 2971 ARV
1589 2930 1701 2980 quid
1727 2925 1777 2979 (d
1809 2930 1870 2970 ab

167 2987 251 3026 alt.
286 2998 345 3027 m.
381 2988 427 3027 ἱη
461 2985 576 3037 ras.)
610 2987 651 3027 N
685 2989 762 3038 qui
796 2987 878 3028 BE
1001 2988 1054 3029 31
1092 2990 1316 3030 dixissent
1348 2991 1451 3030 edd.
1486 2989 1678 3030 dixisset

1902 664 1956 704 13

1904 1816 1958 1857 14
