2046 3138
146 914 210 963 15

140 985 192 1025 41

138 2069 195 2110 42

235 143 338 193 176
436 166 437 169 =
651 132 1023 180 DE‘FINIBUS
1055 132 1206 180 BON.
1238 132 1318 179 ET
1348 132 1503 180 MAL.
1615 137 2006 181 Lib.Vc.14-—15

230 272 438 325 tuenda
477 272 601 331 sint,
640 277 696 324 et
731 271 870 324 haec
905 271 1082 324 multo
1121 286 1246 324 esse
1284 272 1511 331 cariora,
1551 285 1693 336 quae
1732 285 1914 323 acces-

227 347 415 406 serint,
465 346 746 410 animique
795 347 1064 410 optimam
1115 360 1392 410 quamque
1442 351 1654 409 partem
1702 347 1918 398 carissi-

230 434 394 480 mam,
429 421 484 471 in
519 434 697 484 eaque
729 419 1044 484 expletione
1076 426 1308 472 naturae
1344 421 1545 472 summi
1579 420 1710 472 boni
1746 420 1916 471 finem

229 495 546 554 consistere,
575 509 700 546 cum
730 494 897 559 longe
923 494 1270 558 multumque
1298 500 1540 558 praestet
1568 508 1724 546 mens
1753 500 1918 557 atque
2044 535 2046 538 .

228 569 411 621 ratio?
449 570 542 629 sic,
573 568 723 633 quod
752 574 836 620 est
863 575 1169 621 extremum
1199 569 1447 620 omnium
1474 568 1916 632 appetendorum
1964 587 1987 621 5
2040 602 2046 625 ι,

229 648 396 707 atque
424 643 651 695 ductum
681 657 715 694 a
742 644 921 707 prima
948 643 1428 695 commendatione
1455 648 1702 702 naturae,
1729 642 1918 694 multis

228 717 497 782 gradibus
534 717 840 777 adscendit,
878 723 939 769 ut
974 717 1047 768 ad
1086 731 1363 769 summum
1402 718 1728 781 perveniret,
1766 717 1916 781 quod

230 791 543 844 cumulatur
572 805 640 843 ex
671 793 986 856 integritate
1017 793 1263 855 corporis
1293 797 1347 843 et
1377 805 1446 843 ex
1474 792 1674 843 mentis
1704 792 1917 843 ratione

228 865 490 930 perfecta.

303 941 442 994 Cum
486 943 656 1006 igitur
700 956 767 994 ea
810 943 895 1001 sit,
940 956 1106 1006 quam
1151 943 1402 1005 exposui,
1447 941 1629 993 forma
1671 947 1916 1001 naturae,
1944 959 1988 994 ιο

229 1017 292 1076 si,
328 1022 391 1069 ut
427 1017 585 1068 initio
623 1016 753 1076 dixi,
791 1015 956 1068 simul
994 1022 1161 1080 atque
1197 1022 1352 1068 ortus
1389 1021 1550 1075 esset,
1590 1029 1650 1068 se
1682 1017 1915 1079 quisque

230 1096 590 1155 cognosceret
643 1090 998 1154 iudicareque
1055 1096 1247 1154 posset
1301 1104 1442 1154 quae
1495 1092 1581 1142 vis
1638 1096 1693 1142 et
1746 1091 1917 1142 totius

227 1170 376 1217 esset
404 1171 636 1217 naturae
666 1170 722 1217 et
750 1166 991 1229 partium
1022 1164 1382 1229 singularum,
1414 1165 1675 1216 continuo
1703 1164 1917 1216 videret

228 1239 362 1304 quid
393 1245 542 1292 esset
572 1240 692 1299 hoe,
724 1239 874 1303 quod
906 1240 1238 1303 quaerimUS,
1270 1240 1518 1291 omnium
1548 1253 1745 1298 rerum,
1777 1252 1916 1302 quas

227 1315 555 1378 expetimus,
583 1328 861 1365 summum
889 1319 944 1366 et
969 1313 1226 1365 ultimum
1252 1327 1354 1365 nec
1380 1312 1496 1364 ulla
1520 1315 1576 1363 in
1603 1327 1661 1364 re
1689 1326 1916 1376 peccare
1943 1335 1986 1369 15

228 1394 435 1452 posset.
478 1402 626 1439 nunc
657 1401 792 1440 vero
817 1402 851 1439 a
874 1389 1053 1452 primo
1089 1387 1312 1451 quidem
1344 1386 1668 1438 mirabiliter
1701 1387 1918 1438 occulta

228 1468 428 1515 natura
465 1468 550 1515 est
587 1476 690 1514 nec
725 1463 964 1526 perspici
1002 1476 1104 1514 nec
1142 1462 1403 1526 cognosci
1442 1467 1641 1525 potest.
1691 1475 1917 1524 progre-

229 1537 509 1589 dientibus
535 1542 722 1588 autem
751 1536 1027 1588 aetatibus
1055 1536 1260 1588 sensim
1287 1535 1514 1587 tardeve
1544 1536 1730 1598 potius
1758 1536 1916 1598 quasi

227 1616 446 1663 nosmet
472 1612 628 1675 ipsos
657 1611 1062 1675 cognoscimus,
1099 1611 1286 1674 itaque
1313 1611 1492 1673 prima
1518 1609 1616 1660 illa
1642 1623 1918 1661 commen-

229 1685 397 1744 datio,
442 1699 583 1749 quae
628 1699 663 1736 a
706 1690 904 1737 natura
946 1685 1121 1735 nostri
1168 1684 1316 1735 facta
1362 1689 1446 1736 est
1482 1683 1660 1742 nobiS,
1706 1684 1913 1735 incerta
1940 1705 1986 1740 20

228 1765 283 1812 et
313 1760 551 1812 obscura
581 1765 681 1819 est,
712 1760 1034 1823 primusque
1064 1759 1346 1823 appetitus
1378 1758 1472 1809 ille
1501 1759 1670 1809 animi
1701 1763 1915 1810 tantum

229 1835 360 1897 agit,
386 1839 449 1885 ut
484 1833 625 1885 salvi
650 1839 819 1896 atque
848 1834 1046 1896 integri
1075 1846 1204 1883 esse
1235 1833 1533 1896 possimus.
1578 1846 1701 1883 cum
1731 1838 1915 1883 autem

228 1907 501 1972 dispicere
530 1908 815 1971 coepimus
845 1911 900 1959 et
929 1907 1130 1958 sentire
1159 1906 1293 1970 quid
1324 1907 1497 1957 simus
1526 1911 1580 1957 et
1609 1905 1742 1969 quid
1773 1902 1914 1972 (ab)

227 1982 603 2034 animantibus
643 1982 838 2034 ceteris
879 1980 1225 2039 differamus,
1265 1986 1382 2031 tum
1421 1994 1487 2031 ea
1529 1981 1684 2043 sequi
1723 1981 1915 2043 incipi-

227 2071 368 2115 mus.
389 2056 462 2107 ad
487 2069 629 2120 quae
649 2056 765 2107 nati
788 2069 997 2107 sumus.
1032 2069 1198 2118 quam
1221 2054 1638 2106 similitudinem
1659 2054 1916 2105 videmus
1938 2076 1984 2112 z

229 2132 285 2182 in
319 2130 528 2190 bestiis,
566 2143 709 2194 quae
743 2130 938 2193 prim0,
973 2130 1029 2180 in
1068 2142 1178 2192 quo
1213 2128 1337 2180 loco
1372 2134 1537 2180 natae
1573 2133 1715 2187 sunt,
1746 2142 1815 2179 ex
1844 2141 1914 2179 eo

229 2218 289 2257 se
319 2218 432 2256 non
465 2209 831 2263 commovent,
864 2203 1065 2254 deinde
1097 2216 1199 2254 suo
1234 2216 1485 2266 quaeque
1516 2203 1768 2266 appetitu
1798 2216 1915 2253 mo·

227 2284 402 2331 vetur.
457 2292 678 2342 serpere
731 2277 1075 2341 anguiculos,
1129 2290 1261 2328 nare
1314 2276 1636 2335 anaticulaS,
1690 2276 1914 2328 evolare

301 2495 328 2537 3
360 2491 643 2545 expletione]
677 2495 1006 2544 explanatione
1037 2495 1075 2536 R
1226 2494 1253 2534 5
1285 2495 1365 2541 sic,
1403 2494 1530 2543 quod
1562 2496 1631 2534 est
1661 2493 1732 2534 Se.
1765 2493 1916 2542 sitque

225 2554 404 2596 BERN
413 2549 477 2596 ¹V
505 2555 668 2604 sicque
698 2547 763 2595 N²
794 2554 870 2595 Sic
894 2555 1040 2595 extitit
1060 2554 1185 2595 Mdv.
1216 2553 1460 2594 Librarius
1491 2554 1737 2604 archetypi
1763 2563 1853 2603 pro
1878 2563 1918 2602 φ

226 2614 255 2654 ἓ
285 2615 402 2664 leyit
432 2624 524 2664 que
643 2613 672 2654 6
703 2614 888 2654 ductum
925 2609 1004 2663 (uc
1035 2614 1096 2655 ab
1129 2615 1215 2655 alt.
1247 2625 1306 2654 m.
1339 2614 1386 2653 in
1419 2610 1535 2663 ras.)
1567 2612 1609 2653 N
1641 2613 1826 2652 doctum

227 2673 632 2714 commendatione
662 2673 820 2714 Lamb.
853 2673 1213 2714 commutatione
1244 2671 1331 2712 BE
1374 2674 1651 2712 commutate
1674 2671 1717 2712 V
1758 2681 1914 2711 comu-

226 2733 369 2773 nitate
399 2732 438 2773 R
469 2727 639 2773 c‘oitate
670 2732 712 2773 N
840 2731 898 2773 23
931 2732 1157 2782 dispicere
1188 2730 1280 2772 NV
1311 2731 1550 2780 despicere
1581 2729 1713 2771 BER
1840 2740 1913 2770 ce-

227 2792 378 2840 pimus
408 2790 550 2833 RNV
582 2792 839 2841 ceperimus
870 2790 953 2832 BE
1067 2792 1178 2832 add.
1212 2791 1283 2832 ed.
1321 2789 1489 2831 Veneta
1522 2793 1623 2830 1494
1727 2788 1784 2828 27
1817 2799 1914 2829 mo-

225 2847 370 2899 vetur]
405 2853 644 2892 moventur
667 2850 759 2891 NV
848 2849 906 2891 28
937 2861 1121 2900 serpere
1147 2881 1157 2891 .
1173 2881 1209 2891 ..
1234 2850 1398 2891 ducem
1422 2848 1542 2890 Non.
1563 2860 1612 2899 p.
1627 2852 1703 2887 145
1786 2845 1912 2896 nare]

226 2912 383 2950 natare
405 2909 525 2951 Non.
602 2909 855 2950 anaticulas
878 2909 921 2950 V
952 2909 1205 2950 aneticulas
1229 2908 1411 2950 BERN
1442 2907 1697 2948 anaticulos
1719 2906 1839 2949 Non.

227 2967 381 3009 volare
411 2968 531 3010 Non.
