2002 3068
39 48 67 103 ς
94 51 207 95 2-7
462 4 468 9 ’
548 44 633 94 DE
666 43 919 94 inmens
953 44 1104 94 Bon.
1138 46 1216 93 ET
1250 43 1402 94 MAL.
1791 51 1826 106 3

131 191 432 241 ertissimae
473 190 740 253 segnitiae
775 195 856 241 est
889 195 982 241 aut
1013 189 1214 240 fastidii
1249 189 1637 241 delicatissimi.
1693 190 1826 240 mihi

129 265 354 328 quidem
380 264 514 314 nulli
540 265 671 315 satis
697 264 891 315 eruditi
915 264 1182 324 videntur,
1201 263 1402 328 quibus
1428 269 1613 316 nostra
1637 265 1827 328 ignota

129 344 268 390 sunt.
317 354 387 389 an
409 335 648 390 ‘Utinam
674 353 744 389 ne
770 340 824 389 in
850 334 1163 390 nemore...'
1191 339 1362 390 nihilo
1390 340 1572 390 minus
1589 339 1824 404 legimus

129 428 296 478 quam
330 414 437 465 hoc
469 414 615 465 idern
650 413 935 474 Graecum,
969 428 1113 478 quae
1147 419 1329 465 autem
1364 414 1434 465 de
1468 414 1611 465 bene
1643 414 1826 466 beate-

81 499 103 532 5
128 503 236 552 que
276 489 517 540 vivendo
559 503 593 539 a
624 489 851 540 Platone
893 489 1169 551 disputata
1210 494 1349 548 sunt,
1390 489 1528 539 haec
1569 489 1824 553 explicari

127 578 240 614 non
283 564 519 627 placebit
559 564 785 615 Latine?
849 562 1033 620 Quid?
1081 565 1127 614 si
1175 578 1278 615 nos
1319 578 1431 614 non
1473 565 1824 627 interpretum
1858 572 1885 612 6

127 638 403 702 fungimur
428 653 669 698 munere,
696 638 794 689 sed
819 644 1034 689 tuemur
1060 653 1139 698 ea,
1166 653 1310 701 quae
1336 638 1479 689 dicta
1498 645 1623 690 sunt
1647 640 1718 690 ab
1744 640 1825 699 iiS,

127 727 268 777 quos
308 713 621 776 probamus,
663 714 854 776 eisque
894 719 1139 764 nostrum
1181 713 1443 763 iudicium
1485 719 1536 764 et
1576 719 1822 764 nostrum

126 783 398 838 seribendi
425 788 672 839 ordinem
699 788 1067 852 adiungimuS,
1093 788 1226 851 quid
1252 788 1471 847 habent,
1497 803 1590 838 cur
1616 788 1825 840 Graeca

60 871 103 906 10
128 868 468 926 anteponant
500 864 580 922 iis,
614 877 758 926 quae
785 869 837 913 et
862 862 1152 926 splendide
1186 863 1330 913 dicta
1363 864 1469 913 sint
1501 877 1684 927 neque
1718 865 1823 915 sint

127 951 394 988 conversa
419 937 488 988 de
508 937 767 988 Graecis?
808 952 936 987 nam
963 939 1008 987 si
1035 938 1216 988 dicent
1241 938 1311 988 ab
1338 938 1442 988 illis
1469 938 1570 989 has
1587 952 1673 989 res
1699 953 1823 990 esse

123 1018 390 1072 tractataS,
423 1026 494 1063 ne
526 1014 678 1076 ipsos
712 1012 936 1075 quidem
969 1011 1208 1064 Graecos
1243 1018 1324 1063 est
1359 1027 1450 1063 cur
1483 1018 1594 1063 tam
1619 1013 1822 1065 multos

124 1087 322 1151 legant,
356 1103 522 1151 quam
555 1087 776 1151 legendi
801 1093 941 1138 sunt.
996 1087 1129 1151 quid
1163 1089 1309 1138 enirn
1344 1094 1425 1138 est
1457 1102 1490 1139 a
1516 1086 1822 1152 Chrysippo

125 1164 566 1224 praetermissum
608 1163 663 1212 in
705 1161 939 1213 Stoicis?
993 1162 1228 1225 legimus
1269 1168 1453 1213 tamen
1495 1162 1820 1226 Diogenem,

57 1245 100 1280 15
122 1236 483 1300 Antipatrum,
522 1237 922 1296 Mnesarchum,
962 1237 1297 1297 Panaetium,
1338 1237 1540 1288 multos
1583 1238 1722 1289 alios
1767 1240 1821 1288 in

125 1313 423 1376 primisque
440 1312 761 1363 familiarem
779 1317 1026 1363 nostrum
1045 1312 1419 1363 Posidonium.
1454 1312 1624 1376 quid?
1646 1313 1823 1364 Theo-

125 1386 378 1449 phrastus
418 1387 834 1438 mediocriterne
875 1386 1122 1446 delectat,
1171 1402 1294 1437 curn
1335 1393 1524 1439 tractat
1564 1387 1718 1439 locos
1752 1389 1821 1439 ab

122 1461 413 1513 Aristotele
438 1468 565 1513 ante
590 1464 885 1513 tractatos?
933 1461 1103 1525 quid?
1135 1461 1383 1525 Epicurei
1401 1477 1533 1512 num
1552 1462 1822 1514 desistunt

124 1536 194 1586 de
234 1537 426 1596 isdem,
467 1537 537 1587 de
570 1538 770 1600 quibus
805 1542 857 1587 et
889 1537 958 1587 ab
991 1536 1222 1599 Epicuro
1258 1537 1516 1600 scriptum
1551 1543 1633 1588 est
1666 1544 1718 1589 et
1751 1539 1820 1590 ab

55 1619 100 1654 20
123 1612 377 1675 antiquiS,
410 1612 481 1662 ad
506 1612 783 1662 arbitrium
811 1626 971 1662 suum
999 1611 1268 1662 scribere?
1303 1612 1503 1675 quodsi
1530 1612 1723 1663 Graeci
1750 1613 1822 1664 le-

123 1692 321 1749 guntur
361 1701 394 1737 a
427 1685 649 1737 Graecis
691 1686 866 1737 isdem
902 1686 970 1736 de
1004 1686 1166 1736 rebus
1207 1687 1314 1738 alia
1354 1688 1564 1738 ratione
1598 1702 1822 1751 compo-

123 1761 253 1820 sitis,
287 1761 420 1825 quid
456 1767 551 1820 est,
585 1775 676 1811 cur
708 1762 877 1812 nostri
911 1776 943 1812 a
975 1762 1172 1812 nostris
1206 1776 1318 1812 non
1353 1761 1637 1825 legantur?

198 1834 564 1899 Quamquam,
600 1838 644 1886 si
680 1837 842 1899 plane
877 1837 955 1885 sic
986 1841 1250 1886 verterem
1277 1836 1561 1888 Platonem
1588 1843 1681 1888 aut
1705 1837 1820 1887 Ari·
1854 1807 1888 1860 3

123 1910 389 1970 stotelem,
416 1917 474 1962 ut
497 1916 770 1962 verterunt
797 1911 963 1962 nostri
993 1914 1190 1973 poetae
1217 1911 1445 1971 fabulaS,
1464 1913 1622 1972 male,
1642 1913 1820 1972 credo,
1855 1883 1878 1922 ⁷

54 1992 98 2028 25
122 1999 353 2036 mererer
386 1986 455 2036 de
489 1987 626 2036 meis
661 1987 886 2045 civibuS,
920 1986 964 2035 si
999 1985 1068 2035 ad
1112 2000 1299 2037 eorum
1335 1988 1708 2050 cognitionem
1743 1988 1820 2037 di-

120 2060 251 2111 vina
283 2060 376 2111 illa
408 2061 631 2124 ingenia
663 2061 1017 2111 transferrem.
1067 2061 1164 2110 sed
1200 2061 1254 2110 id
1288 2075 1470 2125 neque
1504 2062 1605 2112 feci
1640 2062 1820 2113 adhuc

121 2148 223 2185 nec
266 2135 399 2184 mihi
443 2141 644 2195 tamen,
696 2150 765 2186 ne
811 2135 1022 2194 faciam,
1075 2135 1417 2186 interdictum
1460 2142 1608 2199 puto.
1665 2138 1818 2189 locos

122 2209 345 2271 quidem
388 2210 676 2273 quosdam,
729 2211 773 2260 si
807 2209 1092 2269 videbitur,
1126 2210 1459 2270 transferam,
1495 2217 1547 2262 et
1579 2213 1819 2263 maxime

122 2283 191 2334 ab
226 2285 305 2344 iis,
340 2299 480 2348 quos
514 2285 683 2336 modo
718 2285 1016 2344 nominavi,
1062 2299 1184 2335 cum
1219 2285 1479 2345 inciderit,
1513 2292 1570 2337 ut
1603 2287 1658 2337 id
1692 2293 1818 2350 apte

53 2368 98 2404 30
121 2356 234 2408 fieri
276 2361 463 2422 possit,
508 2365 566 2410 ut
606 2360 675 2411 ab
711 2359 951 2410 Homero
986 2359 1206 2419 EnniuS,
1238 2359 1493 2412 Afranius
1528 2377 1561 2412 a
1593 2361 1817 2413 Menan-

123 2431 219 2484 dro
254 2433 407 2485 solet.
462 2434 577 2485 Nec
608 2449 754 2493 vero,
800 2440 857 2484 ut
889 2439 1072 2485 noster
1104 2434 1356 2494 Lucilius,
1389 2437 1671 2496 recusabo,
1705 2452 1816 2500 quo

194 2536 221 2577 3
268 2547 327 2577 an
367 2536 550 2578 Utinam
590 2537 709 2578 Mur.
758 2514 1009 2587 (αριῖῙῖιὶΙ.
1053 2542 1114 2587 14,
1146 2535 1206 2588 5),
1266 2541 1312 2579 at
1365 2539 1539 2579 utinam
1587 2538 1817 2581 ABERN

121 2598 198 2635 aut
235 2607 421 2637 umnam
454 2597 495 2638 V
646 2597 674 2638 6
715 2598 841 2647 quod
872 2590 1028 2638 BEN²
1163 2597 1191 2638 8
1223 2595 1403 2648 eisque]
1448 2599 1624 2640 eisdem
1666 2600 1708 2640 N
1746 2601 1818 2640 his

121 2650 244 2706 (hys)
276 2655 361 2696 BE
516 2657 571 2697 10
603 2657 726 2698 dicta
756 2658 847 2697 sint
887 2657 1001 2698 dett.
1050 2657 1172 2698 dicta
1211 2657 1337 2698 sunt'
1464 2658 1517 2698 12
1559 2659 1688 2708 ipsos
1727 2659 1818 2700 NV

123 2714 224 2763 ipso
387 2716 442 2756 16
482 2715 827 2766 Theophrastus
858 2716 909 2757 A.
934 2716 1062 2758 Man.
1105 2717 1452 2767 theophrastum
1493 2718 1639 2759 RNV
1685 2719 1816 2760 theo-

122 2773 353 2822 phastrum
379 2775 421 2816 A
453 2777 767 2826 theoprastum
792 2776 874 2816 BE
1003 2775 1056 2816 18
1090 2777 1263 2826 epicuri
1287 2777 1370 2818 BE
1473 2789 1581 2818 num
1607 2778 1690 2819 BE
1722 2790 1816 2819 non

120 2831 200 2874 Rv
224 2844 318 2875 non
345 2831 595 2886 (superscr.
629 2837 690 2877 ab
717 2837 801 2877 alt.
828 2848 885 2877 m.
915 2837 990 2877 uel
1016 2833 1144 2887 num)
1171 2836 1213 2877 A
1246 2848 1340 2877 non
1367 2833 1618 2888 (supet-scr.
1644 2839 1705 2879 ab
1731 2840 1815 2880 alt.

122 2903 179 2933 m.
212 2891 326 2945 nun)
359 2896 399 2935 N
521 2895 578 2935 24
612 2896 731 2937 male
763 2890 948 2937 AR²N²
980 2896 1085 2936 mali
1111 2890 1265 2937 BEN¹
1300 2898 1422 2938 mole
1452 2891 1513 2939 R¹
1546 2899 1692 2948 magis
1716 2898 1757 2939 V

1492 2972 1539 3012 1*
