2046 3138
155 589 212 630 49

151 1485 207 1526 50

254 151 355 202 108
672 143 757 189 DE
790 144 1043 191 FINIBUS
1077 144 1226 191 BON.
1259 146 1338 191 ET
1371 146 1522 193 MAL.
1623 152 2029 195 Lib.111e.15-16

248 290 301 336 et
333 285 742 347 consequentia,
782 299 852 336 ne
885 285 955 336 de
988 286 1181 337 horum
1216 287 1438 349 quidem
1473 293 1555 339 est
1585 290 1811 340 veritate
1844 290 1940 340 du-

241 359 546 427 bitandum.
592 359 690 410 sed
717 374 1053 423 quamquam
1079 366 1284 424 negant
1309 377 1411 412 nec
1434 364 1658 414 virtutes
1684 378 1786 414 nec
1808 366 1940 414 vitia

247 448 501 492 crescere,
541 439 726 484 tamen
759 439 1049 498 utrumque
1084 449 1272 486 eorum
1306 436 1458 487 fundi
1493 437 1736 500 quodam
1770 439 1938 490 modo

246 514 298 559 et
332 509 488 571 quasi
522 508 732 559 dilatari
766 514 971 572 putant.

319 583 549 633 Divitias
583 587 766 634 autem
801 583 1081 647 Diogenes
1115 590 1301 636 censet
1342 600 1463 636 eam
1497 587 1666 638 modo
1699 589 1810 637 vim
1846 588 1938 637 ha·
1984 600 2007 634 5

243 658 386 716 bere,
420 662 478 707 ut
510 659 667 720 quasi
702 658 870 708 duces
905 660 1012 709 sint
1044 659 1114 709 ad
1139 660 1479 722 voluptatem
1515 666 1568 712 et
1593 662 1663 711 ad
1687 663 1938 712 valitudi-

243 747 370 783 nem
403 732 631 790 bonam;
673 732 793 791 sed,
836 734 999 783 etiam
1036 735 1112 784 uti
1155 749 1222 785 ea
1254 737 1611 794 contineant,
1637 750 1749 787 non
1790 737 1935 787 idem

243 807 419 857 facere
454 820 547 857 eas
589 807 643 856 in
675 808 871 858 virtute
904 822 1085 871 neque
1118 810 1172 858 in
1207 811 1396 860 ceteris
1430 810 1655 868 artibuS,
1696 811 1766 860 ad
1800 825 1937 874 quas

244 895 366 932 esse
399 881 509 931 dux
544 882 778 943 pecunia
811 887 1005 944 potest,
1047 884 1324 934 continere
1365 890 1547 935 autem
1589 899 1700 935 non
1743 891 1936 948 potest,

243 958 443 1019 itaque,
483 957 528 1006 si
572 955 830 1018 voluptas
872 962 966 1007 aut
1005 958 1049 1007 si
1091 958 1240 1009 bona
1270 959 1517 1010 valitudo
1559 960 1626 1009 sit
1666 961 1720 1009 in
1762 961 1937 1019 boniS,
1963 971 2007 1007 10

243 1031 460 1081 divitias
487 1044 711 1093 quoque
743 1031 798 1080 in
824 1032 984 1082 bonis
1011 1046 1134 1083 esse
1160 1034 1463 1095 ponendas,
1497 1039 1565 1092 at,
1598 1035 1643 1084 si
1669 1036 1939 1097 sapientia

242 1106 450 1156 bonum
499 1106 580 1163 sit,
625 1119 736 1156 non
781 1108 939 1169 sequi
983 1112 1042 1157 ut
1090 1109 1253 1158 etiam
1299 1108 1516 1158 divitias
1560 1109 1769 1159 bonum
1814 1124 1937 1160 esse

242 1180 504 1230 dicamus,
566 1193 749 1242 neque
781 1181 851 1230 ab
885 1181 997 1231 ulla
1029 1196 1098 1240 re,
1141 1196 1284 1245 quae
1317 1197 1429 1234 non
1462 1184 1531 1233 sit
1562 1184 1616 1232 in
1650 1183 1826 1243 bonis,
1866 1184 1936 1242 id,

241 1254 391 1317 quod
418 1255 486 1304 sit
518 1255 572 1303 in
606 1254 782 1313 boniS,
817 1256 1080 1306 contineri
1108 1262 1302 1318 potest,
1337 1258 1408 1308 ob
1436 1271 1671 1320 eamque
1699 1272 1936 1317 causam,

241 1330 371 1391 quia
403 1329 745 1391 cognitiones
780 1331 1415 1394 comprehensionesque
1447 1347 1638 1390 rerum,
1673 1347 1703 1383 e
1736 1333 1934 1396 quibus
1962 1344 2004 1379 15

241 1403 543 1454 efficiuntur
568 1407 724 1461 arteS,
751 1404 1145 1466 adpetitionem
1165 1411 1404 1465 movent,
1432 1421 1556 1456 cum
1575 1407 1798 1457 divitiae
1823 1422 1935 1458 non

241 1479 347 1528 sint
379 1479 433 1527 in
467 1477 643 1535 boniS,
684 1478 835 1528 nulla
867 1493 952 1529 ars
987 1480 1188 1530 divitiis
1223 1482 1485 1531 contineri
1527 1486 1721 1544 potest.
1786 1482 1935 1545 quod

241 1553 285 1602 si
319 1552 388 1602 de
414 1552 616 1602 artibus
643 1553 1027 1612 concedamus,
1058 1556 1267 1605 virtutis
1300 1560 1484 1606 tamen
1509 1569 1622 1606 non
1648 1557 1716 1607 sit
1742 1557 1935 1607 eadem

242 1629 391 1686 rati0,
426 1630 713 1689 propterea
745 1627 894 1689 quod
928 1628 1066 1679 haec
1092 1629 1356 1691 plurimae
1382 1632 1858 1682 commentationis
1885 1636 1938 1682 et

242 1701 641 1753 exercitationis
683 1701 941 1765 indigeat,
987 1704 1137 1765 quod
1182 1704 1328 1754 idem
1370 1706 1425 1754 in
1466 1705 1669 1755 artibus
1709 1719 1822 1756 non
1855 1706 1936 1764 sit,
1961 1715 2006 1751 20

242 1783 294 1828 et
327 1776 478 1840 quod
510 1775 679 1825 virtus
714 1776 1079 1836 stabilitatem,
1114 1779 1436 1837 firmitatem,
1471 1781 1832 1830 constantiam
1858 1785 1938 1830 to-

242 1853 346 1902 tius
378 1852 525 1901 vitae
551 1850 959 1912 complectatur,
993 1867 1096 1903 nec
1121 1853 1258 1904 haec
1284 1853 1478 1904 eadem
1505 1855 1559 1903 in
1586 1854 1788 1904 artibus
1815 1868 1937 1905 esse

240 1926 546 1976 videamus,

317 2000 591 2060 Deinceps
633 1998 931 2060 explicatur
971 2002 1275 2052 differentia
1306 2016 1498 2061 rerum,
1540 2016 1705 2065 quam
1746 2004 1791 2053 si
1824 2018 1936 2054 non
2000 2003 2003 2005 ’

240 2075 407 2126 ullam
443 2087 566 2124 esse
600 2072 919 2134 diceremus,
953 2076 1372 2127 confunderetur
1405 2078 1584 2127 omnis
1615 2078 1742 2136 vita,
1775 2082 1834 2127 ut
1865 2079 1935 2128 ab
1959 2088 2004 2123 25

239 2150 508 2206 Aristone,
549 2161 732 2209 neque
773 2150 945 2201 ullum
979 2152 1283 2213 sapientiae
1316 2166 1515 2201 munus
1550 2156 1643 2202 aut
1686 2166 1826 2214 opus
1860 2154 1938 2202 in-

239 2225 526 2280 veniretur,
561 2236 683 2272 cum
718 2222 855 2275 inter
887 2239 970 2275 res
1006 2240 1114 2284 eaS‚
1149 2240 1292 2288 quae
1326 2226 1396 2276 ad
1428 2227 1596 2276 vitam
1624 2226 1934 2289 degendam

243 2300 582 2361 pertinerent,
611 2295 760 2348 >nihil
807 2301 1033 2350 omnino
1078 2301 1376 2358 interesset,
1420 2315 1602 2363 neque
1646 2300 1816 2350 ullum
1859 2301 1936 2351 di-

241 2373 439 2424 lectum
474 2370 720 2422 adhiberi
747 2379 1032 2438 oporteret.
1089 2376 1273 2438 itaque
1306 2389 1429 2425 cum
1464 2380 1609 2425 esset
1641 2376 1771 2425 satis
1805 2389 1933 2426 con-

318 2505 337 2546 1
375 2507 434 2547 de
467 2518 624 2549 eorum
657 2508 695 2549 R
809 2509 835 2550 3
868 2511 1022 2549 tamen
1054 2501 1118 2549 N²
1150 2511 1196 2548 et
1225 2510 1379 2548 tamen
1494 2507 1520 2547 5
1553 2504 1672 2557 eam]
1707 2507 1802 2547 non
1830 2518 1931 2548 eam

241 2567 353 2606 dett.
461 2566 489 2617 ν7
524 2567 587 2606 uti
621 2578 677 2607 ea
700 2568 802 2608 Bai.
827 2571 876 2608 ut
907 2568 954 2607 in
984 2579 1040 2608 ea
1064 2567 1250 2617 ABRN
1282 2570 1330 2606 ut
1362 2568 1469 2607 inea
1491 2566 1526 2607 E
1551 2570 1599 2607 ut
1623 2578 1680 2608 ea
1702 2566 1744 2608 V
1765 2563 1931 2620 (etiam

241 2625 304 2664 uti
338 2636 394 2665 ea
421 2627 765 2667 contineant=
786 2628 922 2667 etiam
957 2628 995 2667 si
1029 2627 1307 2667 concedatur
1339 2637 1395 2667 ea
1428 2626 1597 2666 divitiis
1630 2623 1871 2676 contineri)

243 2683 297 2724 10
318 2685 484 2734 itaqu-e
505 2701 559 2716 =
578 2689 623 2726 et
654 2687 717 2726 ita
749 2683 832 2735 (ita
866 2688 894 2727 i.
921 2698 957 2728 e.
976 2687 1030 2726 ‘si
1064 2686 1344 2727 concedatur
1376 2686 1557 2726 divitias
1581 2685 1862 2734 voluptatem
1888 2688 1933 2726 et

238 2743 537 2785 valitudinem
572 2743 830 2795 continere)
942 2745 1005 2785 ⁷11
1043 2749 1089 2786 at
1120 2747 1224 2787 edd.
1258 2749 1336 2786 aut
1470 2744 1524 2786 13
1557 2745 1602 2785 id
1637 2745 1763 2794 quod
1795 2745 1853 2784 sit
1884 2745 1931 2784 in

239 2803 379 2843 bonis·
401 2803 493 2845 vRN
535 2804 581 2844 id
614 2815 706 2853 qua
748 2805 806 2845 sit
845 2805 892 2845 in
925 2805 1061 2846 bonis
1093 2804 1175 2845 BE
1219 2805 1344 2845 nulla
1375 2815 1447 2844 ars
1479 2804 1651 2844 divitiis
1683 2800 1760 2854 (cf.
1795 2815 1834 2844 υ.
1862 2801 1931 2853 17)

238 2860 280 2901 Α
311 2873 400 2903 om.
433 2862 475 2904 V
599 2862 652 2903 19
686 2864 1103 2905 commendationis
1136 2860 1385 2912 (comend,
1417 2859 1650 2912 comend.)
1682 2861 1873 2904 ARNV

240 2920 295 2960 24
336 2932 431 2961 non
471 2921 607 2962 ullam
641 2921 746 2969 AV,
787 2917 852 2963 N²
882 2919 948 2972 (ul
980 2924 1041 2965 ab
1074 2924 1158 2966 alt.
1192 2935 1250 2965 m.
1284 2925 1332 2965 ἱη
1373 2920 1511 2973 ras),
1555 2931 1650 2962 non
1690 2921 1862 2962 nullam‘
1893 2922 1930 2964 R

239 2989 333 3029 non
365 2980 490 3021 nulla
521 2980 558 3020 B
592 2981 782 3022 nonulla
813 2981 847 3022 E
