2046 3138
185 172 255 222 56
541 231 544 233 Ι
607 164 691 211 DE
724 163 977 211 FINIBUS
1010 163 1160 211 BON.
1186 165 1264 211 ET
1298 165 1450 211 MAL.
1571 170 1956 213 Lib.11c.15—l7

184 320 217 356 a
249 311 302 357 te
346 307 509 357 etiam
555 305 721 368 paulo
755 309 882 356 ante
915 306 1119 355 dictum
1153 292 1248 365 est,
1291 321 1403 358 non
1438 321 1603 370 posse
1636 309 1872 359 iucunde

95 395 151 436 50
182 382 294 430 vivi
332 381 434 430 nisi
481 381 643 430 etiam
685 379 930 431 honeste.
1001 380 1132 443 quid
1167 395 1312 432 nunc
1346 376 1674 432 ‘honeste’
1710 382 1874 435 dicit?

96 1396 159 1445 16

89 1468 140 1508 51

86 2317 141 2357 52

183 455 416 513 idemne,
451 454 601 517 quod
636 455 952 506 iucunde?
1007 468 1137 518 ergo
1172 456 1264 507 ita:
1299 470 1410 507 non
1445 470 1610 518 posse
1643 457 1873 508 honeste

181 530 307 587 vivi,
340 530 444 579 nisi
470 529 701 579 honeste
725 530 976 580 vivatur?
1023 543 1092 579 an
1118 530 1222 580 nisi
1249 530 1499 593 populari
1525 531 1708 583 fama?
1755 532 1873 582 sine

183 617 248 653 ea
280 604 440 666 igitur
472 603 710 654 iucunde
743 609 909 667 negat
949 618 1114 666 posse
1146 600 1278 668 (se)
1309 607 1533 656 vivere?
1595 606 1726 668 quid
1768 611 1873 656 tur·
1919 621 1942 655 5

183 679 304 740 pius
353 692 518 741 quam
567 679 829 740 sapientis
877 678 1047 728 vitam
1093 693 1158 729 ex
1204 680 1575 742 insipientium
1620 694 1873 731 sermone

182 752 458 814 pendere?
491 752 621 815 quid
649 766 779 815 ergo
806 753 911 803 hoc
937 753 1059 803 loco
1087 754 1351 818 intellegit
1368 754 1699 818 honesturn?
1732 760 1873 805 certe

181 827 313 876 nihil
355 828 458 876 nisi
500 827 650 890 quod
692 828 866 889 possit
906 828 1086 889 ipsum
1128 834 1347 891 propter
1390 843 1450 879 se
1491 830 1605 880 iure
1649 829 1873 880 laudari.

180 915 308 950 nam
353 901 398 951 si
442 906 660 964 propter
690 901 1047 964 voluptatem,
1093 917 1236 965 quae
1282 908 1364 954 est
1406 905 1508 953 ista
1552 903 1686 962 laus,
1731 918 1873 966 quae

182 977 355 1037 possit
388 989 417 1026 e
450 976 682 1026 macello
717 977 864 1038 peti?
919 990 1030 1027 non
1057 977 1102 1026 is
1126 979 1208 1027 vir
1234 982 1328 1037 est,
1362 982 1434 1036 ut,
1468 992 1591 1028 cum
1619 978 1873 1029 honesta-
1899 994 1942 1029 ιο

180 1054 288 1100 tem
332 1063 398 1101 eo
439 1049 563 1101 loco
605 1050 819 1109 habeat,
864 1056 922 1100 ut
962 1052 1079 1102 sine
1114 1065 1179 1102 ea
1223 1052 1460 1103 iucunde
1503 1058 1668 1116 neget
1708 1067 1874 1115 posse

178 1125 305 1183 vivi,
339 1124 472 1174 illud
507 1124 815 1184 honestum,
851 1126 1000 1188 quod
1035 1126 1300 1188 populare
1326 1127 1407 1186 sit,
1442 1128 1638 1177 sentiat
1671 1132 1723 1178 et
1756 1129 1874 1178 sine

181 1212 247 1249 eo
281 1203 446 1262 neget
478 1199 716 1250 iucunde
747 1201 860 1250 vivi
903 1214 1083 1262 posse,
1125 1206 1219 1251 aut
1260 1203 1554 1265 quicquam
1596 1202 1744 1252 aliud
1779 1202 1875 1253 ho-

179 1278 395 1323 nestum
429 1273 722 1337 intellegat,
764 1275 868 1324 nisi
909 1275 1058 1337 quod
1101 1276 1169 1325 sit
1200 1281 1405 1326 rectum
1453 1277 1746 1339 ipsumque
1780 1291 1874 1339 per

181 1361 240 1398 se
274 1362 375 1397 sua
405 1348 476 1406 vi,
509 1362 609 1398 sua
641 1353 846 1408 natura,
880 1363 981 1399 sua
1013 1354 1210 1412 sponte
1244 1350 1534 1402 laudabile.
1899 1368 1942 1403 15

251 1421 453 1485 Itaque,
479 1422 767 1485 Torquate,
801 1437 925 1473 cum
951 1424 1159 1474 diceres
1185 1424 1419 1475 clamare
1444 1425 1733 1488 Epicurum
1759 1439 1871 1476 non

179 1510 344 1558 posse
377 1497 615 1547 iucunde
646 1498 774 1556 vivi,
814 1499 919 1548 nisi
959 1498 1191 1549 honeste
1233 1504 1285 1549 et
1326 1501 1599 1562 sapienter
1640 1505 1692 1550 et
1732 1501 1871 1550 iuste

176 1571 461 1630 viveretur,
503 1576 559 1622 tu
593 1572 711 1634 ipse
744 1573 877 1622 mihi
909 1572 1126 1636 gloriari
1157 1574 1432 1625 videbare.
1496 1579 1646 1624 tanta
1677 1575 1762 1624 vis
1796 1575 1872 1624 in-

179 1650 290 1695 erat
315 1646 369 1695 in
385 1646 567 1696 verbis
586 1651 803 1709 propter
830 1661 1015 1697 earum
1041 1661 1233 1707 rerum,
1259 1662 1401 1711 quae
1427 1649 1872 1712 significabantur

177 1719 261 1769 his
292 1720 489 1779 verbiS,
531 1721 866 1783 dignitatem,
908 1726 966 1771 ut
998 1721 1155 1772 altior
1187 1723 1359 1782 fieres,
1400 1728 1459 1773 ut
1491 1723 1760 1774 interdum
1795 1725 1871 1773 in·
1895 1742 1941 1777 20

177 1794 409 1853 sistereS,
449 1799 507 1844 ut
546 1809 649 1846 nos
690 1796 906 1846 intuens
948 1798 1105 1859 quasi
1147 1797 1494 1848 testificarere
1534 1797 1742 1847 laudari
1776 1798 1871 1848 ho-

176 1873 442 1919 nestatem
485 1874 537 1919 et
578 1870 836 1919 iustitiam
871 1871 1169 1933 aliquando
1211 1872 1281 1921 ab
1315 1871 1560 1934 Epicuro.
1618 1886 1783 1935 quam
1818 1877 1870 1922 te

176 1942 407 1993 decebat
440 1944 503 1993 iis
527 1944 708 1994 verbis
743 1945 834 2003 uti,
869 1945 1069 2007 quibus
1103 1946 1147 1995 si
1176 1945 1492 2008 philosophi
1518 1960 1630 1997 non
1658 1951 1870 1996 uteren-

175 2021 271 2075 tur,
304 2017 655 2080 philosophia
688 2019 914 2070 omnino
948 2033 1059 2070 non
1094 2023 1401 2083 egeremus!
1460 2022 1685 2071 istorum
1721 2021 1866 2071 enim

173 2092 464 2142 verborum
497 2106 697 2151 amore,
732 2107 874 2155 quae
908 2107 1122 2156 perraro
1149 2095 1492 2157 appellantur
1523 2096 1593 2145 ab
1620 2094 1865 2157 Epicuro,
1889 2113 1936 2149 25

175 2166 491 2227 sapientiae,
517 2167 859 2226 fortitudiniS,
886 2169 1136 2227 iustitiae,
1162 2171 1569 2232 temperantiae,
1590 2174 1866 2232 praestan-

174 2240 396 2290 tissimis
438 2241 671 2304 ingeniis
712 2242 964 2293 homines
998 2257 1058 2293 se
1101 2243 1171 2293 ad
1206 2243 1593 2306 philosophiae
1626 2244 1867 2294 studium

175 2315 531 2366 contulerunt.
607 2310 962 2376 ‘Oculorum',
1014 2318 1189 2380 inquit
1235 2318 1402 2377 Plato,
1461 2313 1562 2369 ‘est
1608 2319 1662 2368 in
1707 2318 1867 2368 nobis

175 2402 369 2438 sensus
423 2391 730 2449 acerrimuS,
787 2391 987 2454 quibus
1043 2393 1369 2454 sapientiam
1419 2407 1530 2443 non
1580 2394 1866 2443 cernimus

175 2476 341 2525 quam
374 2463 466 2513 illa
498 2464 737 2515 ardentis
771 2479 985 2516 amores
1013 2467 1269 2517 excitaret
1294 2462 1421 2517 suil’
1480 2466 1584 2517 Cur
1609 2467 1869 2518 tandem?
1891 2486 1937 2522 30

250 2638 269 2680 1
300 2640 438 2689 paulo
455 2638 579 2690 ante]
606 2644 712 2683 ante
729 2643 868 2692 paulo
885 2643 921 2683 E
946 2646 1052 2685 ante
1071 2645 1246 2694 populo
1263 2645 1299 2685 B
1378 2645 1403 2685 5
1429 2647 1540 2686 add.
1555 2646 1657 2686 Bai.
1737 2644 1764 2684 6
1789 2641 1863 2693 ex]

174 2702 219 2739 et
242 2698 379 2741 ABR
455 2701 658 2750 pendere
682 2712 895 2744 sermone
919 2702 1003 2743 BE
1082 2703 1136 2743 15
1169 2715 1253 2744 sua
1277 2707 1446 2754 sponte
1470 2716 1554 2745 sua
1579 2707 1740 2744 natura
1764 2702 1806 2743 A

177 2757 231 2798 16
264 2756 457 2808 diceres]
488 2772 536 2811 p.
553 2765 618 2809 25,
635 2765 799 2801 21—23
909 2762 960 2802 21
997 2763 1294 2805 testificarere
1318 2757 1384 2804 A²
1413 2763 1659 2805 testificare
1683 2756 1868 2803 A¹RN¹

173 2818 480 2859 testificareris
511 2819 553 2860 V
583 2820 816 2861 testificari
849 2820 931 2861 BE
971 2822 1241 2863 testificares
1272 2823 1313 2863 N
1321 2817 1338 2841 ²
1435 2822 1492 2864 23
1525 2823 1720 2864 decebat
1751 2815 1868 2862 NA²

175 2876 358 2917 dicebat
381 2872 584 2920 A¹BER
616 2879 767 2920 declat
791 2875 867 2929 (=
887 2879 1136 2931 declarat?)
1161 2881 1204 2922 V
1281 2883 1336 2922 iis
1361 2884 1464 2923 edd.
1483 2882 1555 2922 his
1635 2880 1691 2921 28
1716 2879 1863 2930 Plato]

175 2935 223 2975 in
254 2936 472 2978 Phaedro
501 2949 548 2989 ρ.
573 2938 710 2979 250D
830 2939 888 2980 30
919 2940 990 2980 sui
1022 2941 1061 2980 si
1092 2941 1321 2982 videretur
1345 2940 1432 2982 Cur
1461 2940 1515 2988 V,
1548 2936 1607 2990 (si
1639 2940 1868 2981 videretur

174 3005 204 3035 α
239 3006 362 3036 man.
393 2999 572 3046 poster.
607 2998 656 3038 in
690 3009 839 3050 mary.
873 2996 1006 3050 add.)
1038 2999 1079 3040 N

2038 541 2046 709 ι
