2046 3138
216 153 319 203 156
433 167 435 169 ·
634 146 719 193 DE
751 146 1005 194 FINIBUS
1038 146 1188 206 BON.
1221 147 1299 194 ET
1332 148 1484 195 MAL.
1658 154 1988 196 Lib.Vc.1—2

208 297 428 347 unaque
458 284 748 335 nobiscum
782 283 845 341 Q.
859 283 1031 336 frater
1061 290 1115 337 et
1146 284 1204 336 T.
1219 285 1560 349 Pomponius
1586 286 1896 350 Luciusque

210 356 414 416 Cicero,
449 357 620 410 frater
653 363 843 410 noster
876 360 1207 423 cognatione
1243 359 1524 423 patruelis,
1554 374 1742 413 amore
1775 374 1898 425 ger-

208 445 421 490 manus,
457 433 844 484 constituimus
879 434 1020 485 inter
1051 447 1155 485 nos
1190 439 1251 486 ut
1277 434 1711 487 ambulationem
1746 441 1898 498 post-

207 505 570 557 meridianam
605 506 1006 559 conficeremus
1040 508 1096 559 in
1127 508 1444 567 Academia,
1478 510 1717 560 maxime
1745 509 1894 573 quod

207 580 255 631 is
288 579 444 631 locus
479 580 549 631 ab
583 581 733 632 omni
767 582 934 633 turba·
957 582 1014 633 id
1048 583 1314 645 temporis
1346 597 1557 635 vacuus
1588 589 1749 635 esset.
1796 586 1897 636 ita·
1943 599 1966 634 5

209 668 315 717 que
339 654 411 706 ad
439 660 660 718 tempus
685 655 758 707 ad
785 656 1044 708 Pisonem
1065 671 1273 714 omnes,
1309 657 1439 709 inde
1465 671 1718 709 sermone
1739 659 1897 709 vario

209 742 305 780 sex
343 728 441 780 illa
479 743 513 780 a
551 729 756 794 Dipylo
797 730 980 782 stadia
1005 731 1369 783 confecimus,
1420 746 1544 783 curn
1582 728 1768 784 autem
1802 746 1896 784 ve-

207 803 483 855 nissemus
513 805 569 855 in
600 804 936 856 Academiae
964 819 1077 857 non
1109 806 1227 857 sine
1253 820 1422 857 causa
1450 806 1742 858 nobilitata
1772 821 1897 870 spa-

207 878 298 936 tia,
352 878 597 930 solitudo
651 884 769 930 erat
820 893 901 938 ea,
955 894 1121 943 quarn
1167 879 1540 932 volueramus
1589 886 1705 932 tum
1743 881 1896 932 Piso:

208 951 493 1004 Naturane
534 953 697 1004 nobis
741 953 861 1012 hoc,
904 955 1096 1018 inquit,
1143 954 1334 1006 datum
1375 954 1555 1006 dicam
1599 969 1670 1006 an
1713 968 1896 1007 errore
1923 971 1967 1006 10

206 1025 466 1089 quodam,
492 1032 567 1085 ut,
595 1041 718 1078 cum
743 1041 810 1078 ea
834 1027 958 1079 loca
979 1028 1287 1087 videamus,
1314 1029 1370 1079 in
1401 1029 1602 1092 quibus
1630 1030 1898 1083 memoria

207 1100 409 1164 dignos
434 1101 587 1153 viros
614 1103 990 1165 acceperimus
1015 1102 1252 1154 multum
1279 1116 1403 1154 esse
1423 1108 1691 1162 versatos,
1716 1104 1897 1167 magis

206 1189 545 1235 moveamur,
579 1190 746 1240 quam
781 1177 827 1228 si
861 1177 1086 1240 quando
1119 1191 1311 1229 eorum
1338 1178 1588 1241 ipsorum
1621 1183 1718 1229 aut
1749 1177 1898 1229 facta

206 1249 502 1301 audiamus
544 1255 640 1301 aut
683 1251 947 1314 scriptum
988 1251 1217 1315 aliquod
1258 1251 1552 1315 legamus?
1596 1252 1750 1304 velut
1789 1265 1895 1316 ego

205 1337 352 1374 nunc
393 1338 637 1376 moveor.
692 1325 845 1376 venit
886 1326 1032 1376 enim
1075 1325 1210 1376 mihi
1248 1325 1496 1377 Platonis
1539 1327 1595 1377 in
1638 1332 1894 1384 mentem,
1923 1343 1966 1379 15

206 1411 369 1461 quem
401 1399 716 1462 accepimus
750 1400 990 1463 primum
1022 1400 1111 1451 hic
1143 1399 1429 1463 disputare
1456 1400 1708 1459 solitum;
1739 1401 1895 1452 cuius

205 1473 371 1523 etiarn
399 1471 478 1523 illi
507 1473 712 1524 hortuli
741 1474 1039 1538 propinqui
1066 1488 1178 1525 non
1200 1475 1524 1526 memoriam
1553 1474 1735 1526 solum
1761 1475 1895 1525 mihi

206 1545 467 1605 afferunt,
495 1547 594 1598 sed
622 1548 807 1611 ipsum
833 1547 1093 1600 videntur
1120 1550 1175 1598 in
1198 1554 1498 1612 conspectu
1522 1562 1648 1600 meo
1675 1563 1896 1613 ponere.

204 1620 294 1671 hic
331 1619 697 1685 Speusippus,
736 1622 826 1673 hic
862 1621 1216 1682 XenocrateS,
1255 1623 1345 1674 hic
1375 1624 1495 1675 eius
1534 1623 1756 1675 auditor
1794 1627 1896 1678 Po-

205 1695 366 1754 lem0‚
399 1696 555 1747 cuius
587 1695 684 1747 illa
713 1697 838 1760 ipsa
869 1697 1049 1748 sessio
1074 1696 1194 1756 fuit,
1226 1711 1393 1761 quarn
1421 1697 1693 1748 videmuS.
1732 1697 1895 1761 Equi·
1919 1715 1965 1750 20

206 1769 331 1820 dem
379 1770 544 1821 etiam
593 1771 800 1822 curiam
846 1776 1094 1822 nostram
1141 1799 1204 1807 -
1243 1771 1539 1823 Hostiliam
1587 1771 1726 1830 dico,
1781 1786 1893 1823 non

203 1843 346 1894 hanc
365 1858 586 1903 novam,
610 1858 752 1908 quae
773 1845 953 1896 minor
975 1845 1251 1901 mihiesse
1271 1846 1506 1904 videtur,
1528 1851 1894 1909 posteaquam

205 1923 289 1969 est
335 1918 513 1969 maior
562 1946 624 1954 —-
673 1918 921 1970 'solebam
969 1920 1190 1970 intuens
1233 1918 1562 1982 Scipionem,
1612 1919 1893 1979 Catonem,

204 1991 467 2051 Laelium,
497 1997 748 2044 nostrum
779 2006 912 2044 vero
942 1994 998 2043 in
1029 1994 1221 2056 primis
1246 2008 1414 2044 avum
1445 1994 1712 2057 cogitare;
1740 1999 1895 2046 tanta

204 2066 290 2117 vis
327 2066 724 2118 admonitionis
762 2068 906 2119 inest
940 2068 996 2118 in
1033 2067 1194 2125 locis;
1224 2073 1286 2119 ut
1319 2081 1431 2119 non
1469 2069 1586 2119 sine
1620 2082 1788 2119 causa
1826 2082 1892 2119 ex
1918 2087 1963 2123 25

205 2141 272 2191 iis
301 2141 602 2192 memoriae
633 2141 800 2193 ducta
829 2142 899 2193 sit
931 2141 1238 2205 disciplina.

277 2213 417 2265 Tum
451 2214 715 2271 Quintus:
747 2214 843 2266 Est
875 2214 1054 2278 plane,
1087 2216 1231 2275 Piso,
1258 2221 1319 2267 ut
1350 2215 1502 2275 dicis,
1534 2217 1725 2280 inquit.
1763 2231 1892 2267 nam

205 2302 293 2339 me
332 2289 516 2352 ipsum
558 2288 666 2340 huc
703 2289 873 2340 modo
912 2291 1226 2341 venientem
1263 2290 1618 2342 convertebat
1657 2290 1729 2341 ad
1771 2305 1893 2342 sese

206 2361 483 2414 Coloneus
517 2361 610 2414 ille
645 2362 816 2422 locus
852 2364 1007 2414 cuius
1042 2363 1225 2415 incola
1253 2363 1557 2426 Sophocles
1592 2364 1664 2415 ob
1699 2364 1891 2416 oculos

204 2433 545 2495 versabatur,
602 2450 764 2500 quem
822 2438 929 2488 scis
985 2452 1150 2500 quam
1205 2438 1445 2489 admirer
1495 2452 1770 2501 quamque
1824 2452 1891 2490 eo
1917 2458 1963 2494 30

206 2509 458 2561 delecter.
510 2524 598 2562 me
652 2511 875 2574 quidem
927 2511 999 2562 ad
1052 2511 1304 2563 altiorem
1351 2513 1674 2563 memoriam
1727 2511 1892 2564 Oedi-

205 2584 369 2647 podis
406 2584 515 2635 huc
550 2585 823 2636 venientis
860 2590 914 2637 et
951 2585 1409 2636 illomollissimo
1449 2587 1701 2637 carmine»
1726 2600 1891 2649 quae·

205 2672 334 2709 narn
375 2663 562 2710 essent
603 2659 727 2721 ipsa
765 2658 903 2710 haec
942 2658 1065 2710 loca
1099 2660 1428 2723 requirentis
1470 2660 1682 2722 species
1725 2673 1890 2722 quae-

206 2731 334 2782 dam
368 2733 681 2791 commovit,
714 2733 949 2783 inaniter
981 2733 1201 2792 scilicet,
1235 2733 1333 2784 sed
1361 2734 1659 2785 commovit
1690 2738 1889 2784 tamen.

283 2858 337 2899 14
369 2859 544 2909 aliquid
574 2859 612 2901 R
699 2859 752 2901 17
786 2861 1033 2910 propinqui
1064 2860 1230 2902 hortuli
1254 2860 1337 2901 BE
1429 2860 1485 2900 22
1517 2870 1622 2900 esse
1653 2860 1764 2900 mihi
1794 2859 1832 2901 B

206 2916 263 2958 29
287 2915 433 2967 locus]
459 2919 589 2960 lucus
611 2919 942 2962 Valckenarius
965 2921 1031 2962 ad
1056 2919 1330 2962 Callimach.
1351 2931 1399 2973 p.
1415 2923 1496 2960 216
1517 2919 1573 2971 cf.
1597 2918 1673 2961 Va.
1690 2918 1733 2961 II
1750 2931 1798 2971 p.
1816 2923 1894 2963 545

205 2986 306 3028 sqq.
427 2977 484 3019 33
516 2978 603 3019 hec
634 2979 737 3029 ipsa
766 2978 849 3020 BE
1492 3014 1496 3018 .
1616 3014 1619 3017 ,
1692 3018 1695 3022 Δ
