2046 3138
196 117 300 168 126
452 166 454 169 ¹
614 110 700 156 DE
732 109 986 156 FINIBUS
1019 108 1169 156 BON.
1202 109 1281 155 ET
1314 109 1470 156 MAL.
1631 115 1801 157 Lib.1V
1816 115 1981 158 (ιδ-7

192 252 308 302 eius
343 251 508 311 modi,
547 253 733 303 vivere
767 251 1121 302 adhibentem
1156 252 1441 302 scientiam
1477 265 1663 302 earum
1699 265 1891 311 rerum,

192 339 335 388 quae
368 331 561 376 natura
587 327 881 377 evenirent.
946 326 1092 375 hunc
1118 326 1298 388 ipsum
1323 325 1563 376 Zenonis
1591 328 1744 377 aiunt
1770 340 1892 377 esse

193 400 359 451 finem
405 400 773 451 declarantem
820 400 968 459 illud,
1013 399 1164 463 quod
1209 413 1242 449 a
1285 405 1337 450 te
1379 400 1582 450 dictum
1623 406 1719 460 est,
1766 415 1893 452 con-

107 477 160 518 15
193 476 474 525 venienter
507 480 733 526 naturae
764 477 964 526 vivere.
1036 474 1264 525 alterum
1298 474 1591 537 significari
1631 476 1794 534 idern,
1834 481 1894 526 ut

106 2561 158 2602 17

193 550 238 599 si
265 549 544 613 diceretur,
571 550 752 601 officia
778 549 961 600 media
986 550 1174 600 omnia
1195 554 1287 599 aut
1305 549 1565 612 pleraque
1583 555 1891 600 servantem
1938 561 1962 596 5

190 624 391 675 vivere.
447 625 554 675 hoc
586 626 664 675 sic
689 626 999 686 expositum
1027 623 1292 674 dissimile
1318 628 1400 674 est
1425 625 1703 686 superiori.
1759 624 1892 674 illud

194 699 340 748 enirn
366 704 571 749 rectum
598 704 680 749 est
706 724 776 731 --
803 698 954 762 quod
978 694 1312 761 κατόρθωμα
1338 698 1562 748 dicebas
1589 723 1658 731 —
1686 700 1893 750 contin-

192 774 381 836 gitque
405 766 641 836 Sapienti
668 773 786 832 soli,
819 773 926 824 hoc
943 778 1127 824 autem
1153 772 1394 823 inchoati
1421 773 1707 823 cuiusdam
1727 772 1891 824 officii

194 852 289 906 est,
323 862 435 899 non
469 848 704 911 perfecti,
733 848 888 911 ,quod
923 847 1118 898 cadere
1144 848 1198 897 in
1223 861 1336 898 non
1363 846 1545 898 nullos
1571 848 1891 910 insipientes

193 927 388 983 potest.
453 924 667 973 tertium
701 927 885 973 autem
920 922 1177 973 omnibus
1211 927 1305 972 aut
1338 923 1589 972 maximis
1615 922 1776 973 rebus
1810 923 1889 980 iiS,
1917 932 1960 970 ιο

193 1010 336 1058 quae
362 998 667 1047 secundum
694 1002 943 1047 naturam
970 999 1090 1055 sint,
1116 996 1381 1046 fruentem
1407 997 1607 1046 vivere.
1656 996 1762 1047 hoc
1778 1011 1890 1047 non

193 1075 275 1120 est
308 1073 548 1134 positum
593 1073 648 1121 in
688 1077 874 1122 nostra
914 1073 1144 1122 actione.
1209 1070 1511 1133 completur
1551 1072 1696 1121 enim
1738 1076 1792 1121 et
1825 1085 1891 1121 ex

193 1158 260 1195 eo
302 1159 503 1209 genere
542 1148 704 1205 vitae,
749 1146 899 1209 quod
939 1147 1135 1196 virtute
1175 1145 1374 1204 fruitur,
1417 1150 1470 1198 et
1502 1159 1568 1195 ex
1608 1147 1673 1195 iis
1714 1145 1891 1203 rebuS,

193 1233 335 1282 quae
384 1226 510 1271 sunt
559 1221 862 1271 secundum
911 1226 1160 1271 naturam
1208 1233 1390 1282 neque
1438 1224 1564 1269 sunt
1610 1221 1665 1270 in
1706 1225 1892 1270 nostra

192 1298 477 1355 potestate.
528 1295 632 1345 sed
667 1296 774 1346 hoc
807 1310 1083 1346 summum
1109 1294 1333 1353 bonurn,
1368 1294 1518 1356 quod
1545 1295 1699 1344 tertia
1725 1295 1888 1357 signi·
1917 1306 1960 1340 15

192 1368 447 1420 ficatione
479 1370 821 1433 intellegitur,
856 1384 1033 1432 eaque
1064 1371 1191 1427 vita,
1226 1383 1368 1432 quae
1403 1382 1468 1418 ex
1494 1382 1712 1419 summo
1739 1368 1888 1419 bono

192 1442 419 1507 degitur,
446 1445 575 1507 quia
601 1446 893 1495 coniuncta
919 1446 969 1495 ei
986 1445 1154 1494 virtus
1174 1448 1269 1502 est,
1296 1445 1350 1492 in
1377 1444 1682 1505 sapientem
1708 1442 1888 1493 solum

193 1517 350 1576 cadit,
384 1519 542 1581 isque
575 1519 698 1569 finis
732 1519 1018 1578 bonorum,
1052 1523 1111 1569 ut
1143 1518 1212 1568 ab
1247 1519 1380 1580 ipsis
1408 1516 1603 1568 Stoicis
1630 1518 1888 1580 scriptum

192 1592 460 1652 videmuS,
501 1607 534 1643 a
564 1593 872 1644 Xenocrate
913 1598 1078 1657 atque
1119 1593 1189 1642 ab
1229 1591 1520 1643 Aristotele
1565 1593 1889 1642 constitutus

193 1671 288 1717 est.
352 1669 537 1731 itaque
571 1668 640 1718 ab
673 1669 738 1718 iis
773 1669 1086 1719 constitutio
1121 1667 1213 1717 illa
1245 1668 1419 1729 prima
1450 1671 1689 1725 naturae,
1723 1680 1756 1715 a
1781 1679 1891 1729 qua
1913 1676 1959 1712 20

193 1745 250 1790 tu
284 1756 507 1805 quoque
542 1742 839 1801 ordiebare,
874 1742 957 1793 his
992 1755 1163 1805 prope
1195 1741 1376 1791 verbis
1411 1742 1719 1803 exponitur:

269 1814 462 1867 Omnis
495 1821 688 1867 natura
720 1817 837 1867 vult
871 1831 993 1867 esse
1027 1817 1393 1868 conservatrix
1426 1816 1524 1873 sui,
1559 1819 1617 1864 ut
1650 1819 1703 1865 et
1735 1814 1891 1864 salva

192 1890 261 1939 sit
293 1895 346 1940 et
386 1892 440 1940 in
480 1905 681 1954 genere
715 1895 1065 1942 conservetur
1108 1904 1226 1940 suo.
1289 1890 1360 1939 ad
1401 1889 1543 1939 hanc
1584 1903 1697 1939 rem
1738 1890 1890 1939 aiunt

192 1965 318 2015 artis
364 1979 587 2028 quoque
631 1967 934 2028 requisitaS,
979 1978 1122 2028 quae
1167 1969 1415 2014 naturam
1464 1963 1787 2014 adiuvarent
1834 1964 1889 2013 in

193 2039 392 2101 quibus
433 2054 500 2090 ea
536 2045 850 2090 numeretur
890 2041 944 2090 in
985 2040 1186 2102 primiS,
1227 2052 1370 2101 quae
1411 2043 1494 2088 est
1532 2037 1756 2088 vivendi
1789 2051 1888 2096 ars,
1913 2048 1959 2083 ὅ

192 2118 250 2163 ut
290 2118 515 2173 tueatur,
565 2115 715 2177 quod
749 2128 782 2164 a
813 2119 1006 2164 natura
1050 2114 1238 2163 datum
1283 2114 1365 2172 sit,
1406 2112 1558 2175 quod
1600 2112 1754 2170 desit,
1795 2111 1891 2161 ad-

193 2189 382 2250 quirat.
423 2189 682 2252 idemque
709 2189 1009 2239 diviserunt
1033 2193 1282 2238 naturam
1308 2186 1546 2237 hominis
1569 2187 1623 2236 in
1641 2187 1887 2236 animum

194 2266 247 2312 et
265 2276 477 2325 corpuS.
526 2277 763 2326 cumque
789 2277 978 2314 eorum
1004 2267 1294 2325 utrumque
1320 2275 1415 2324 per
1439 2274 1500 2311 se
1518 2260 1887 2323 expetendum

193 2349 316 2387 esse
350 2337 627 2397 dixissent,
657 2338 881 2388 virtutes
916 2350 1139 2400 quoque
1172 2337 1454 2398 utriusque
1479 2348 1669 2386 eorum
1703 2348 1797 2396 per
1829 2347 1888 2384 se

193 2412 529 2473 expetendas
575 2426 697 2462 esse
739 2411 1008 2470 dicebant,
1051 2405 1176 2473 (et)
1219 2424 1343 2460 cum
1388 2411 1633 2460 animum
1677 2408 1957 2459 infinitam

193 2485 435 2548 quadarn
479 2485 643 2536 laude
688 2490 1085 2548 anteponerent
1130 2485 1356 2547 corpori,
1399 2484 1623 2534 virtutes
1664 2495 1888 2545 quoque

193 2561 359 2610 animi
379 2560 538 2611 bonis
566 2561 804 2623 corporis
828 2559 1252 2622 anteponebant.
1285 2557 1395 2608 Sed
1415 2571 1538 2607 curn
1560 2557 1885 2619 sapientiam

267 2707 295 2747 4
326 2706 576 2757 significari
608 2707 691 2748 BE
722 2706 986 2757 significare
1093 2706 1120 2747 5
1152 2706 1310 2747 omnia
1341 2705 1494 2745 media
1525 2702 1608 2744 BE
1717 2702 1742 2742 7
1775 2712 1886 2742 con-

191 2766 386 2817 tigitque
418 2765 511 2808 Av
628 2766 680 2807 17
714 2770 784 2808 est
814 2766 954 2807 virtus
984 2765 1068 2806 BE
1181 2764 1240 2805 20
1271 2766 1431 2804 nature
1453 2763 1503 2803 N
1536 2759 1583 2812 (e
1614 2762 1676 2802 ab
1707 2763 1792 2802 alt.
1826 2772 1885 2801 m.

193 2826 242 2865 in
274 2822 404 2875 ras.)‚
436 2825 478 2866 V
509 2828 670 2866 natura
819 2825 873 2865 21
909 2821 1166 2873 ordiebare]
1196 2835 1245 2875 p.
1270 2827 1335 2873 93,
1359 2827 1412 2863 25
1435 2833 1536 2873 sqq.
1673 2820 1730 2860 25
1764 2831 1884 2870 quae

193 2887 263 2923 est
304 2885 443 2925 viden
475 2884 518 2925 A
563 2885 616 2926 In
660 2886 735 2926 his
774 2885 974 2935 syllabis
1022 2884 1198 2925 desinit
1235 2881 1278 2923 A
1321 2882 1503 2923 addltis
1547 2880 1699 2921 verbis
1741 2878 1886 2920 Multa

194 2942 360 2983 desunt
480 2945 668 2985 videndi
701 2944 741 2984 N
862 2943 920 2984 30
956 2944 1068 2983 add.
1102 2942 1259 2982 Lamb.
