<?xml version="1.0" encoding="UTF-8"?>
<!DOCTYPE html PUBLIC "-//W3C//DTD XHTML 1.0 Transitional//EN"
    "http://www.w3.org/TR/xhtml1/DTD/xhtml1-transitional.dtd">
<html xmlns="http://www.w3.org/1999/xhtml" xml:lang="en" lang="en">
 <head>
  <title>
</title>
<meta http-equiv="Content-Type" content="text/html;charset=utf-8" />
  <meta name='ocr-system' content='tesseract 3.04.00' />
  <meta name='ocr-capabilities' content='ocr_page ocr_carea ocr_par ocr_line ocrx_word'/>
</head>
<body>
  <div class='ocr_page' id='page_1' title='image "./p1scriptaquaeman13ciceuoft_0013.png"; bbox 0 0 2002 3068; ppageno 0'>
   <div class='ocr_carea' id='block_1_1' title="bbox 775 74 1807 122">
    <p class='ocr_par' dir='ltr' id='par_1_1' title="bbox 775 74 1807 122">
     <span class='ocr_line' id='line_1_1' title="bbox 775 74 1807 122; baseline -0.001 -1"><span class='ocrx_word' id='word_1_1' title='bbox 775 74 1140 122; x_wconf 83' lang='lat' dir='ltr'><strong>PRAEFATIO</strong></span> <span class='ocrx_word' id='word_1_2' title='bbox 1743 75 1807 120; x_wconf 91' lang='lat' dir='ltr'><em>IX</em></span> 
     </span>
    </p>
   </div>
   <div class='ocr_carea' id='block_1_2' title="bbox 102 210 1810 508">
    <p class='ocr_par' dir='ltr' id='par_1_2' title="bbox 102 210 1810 508">
     <span class='ocr_line' id='line_1_2' title="bbox 105 210 1810 268; baseline -0.002 -9"><span class='ocrx_word' id='word_1_3' title='bbox 105 214 408 268; x_wconf 82' lang='lat' dir='ltr'><em>contemnit,</em></span> <span class='ocrx_word' id='word_1_4' title='bbox 448 214 524 258; x_wconf 91' lang='lat' dir='ltr'><em>sic</em></span> <span class='ocrx_word' id='word_1_5' title='bbox 561 213 759 258; x_wconf 82' lang='lat' dir='ltr'><em>solent:</em></span> <span class='ocrx_word' id='word_1_6' title='bbox 802 210 907 256; x_wconf 89' lang='lat' dir='ltr'><em>duo</em></span> <span class='ocrx_word' id='word_1_7' title='bbox 1002 211 1108 256; x_wconf 87' lang='lat' dir='ltr'><em>duo</em></span> <span class='ocrx_word' id='word_1_8' title='bbox 1155 222 1376 268; x_wconf 72' lang='lat' dir='ltr'><em>yenera‚</em></span> <span class='ocrx_word' id='word_1_9' title='bbox 1433 211 1709 256; x_wconf 82' lang='lat' dir='ltr'><em>naturales</em></span> <span class='ocrx_word' id='word_1_10' title='bbox 1758 212 1810 256; x_wconf 88' lang='lat' dir='ltr'><em>et</em></span> 
     </span>
     <span class='ocr_line' id='line_1_3' title="bbox 102 270 1807 332; baseline -0.002 -13"><span class='ocrx_word' id='word_1_11' title='bbox 102 285 300 332; x_wconf 73' lang='lat' dir='ltr'><em>yenera</em></span> <span class='ocrx_word' id='word_1_12' title='bbox 334 273 705 330; x_wconf 78' lang='lat' dir='ltr'><em>cupiditatum,</em></span> <span class='ocrx_word' id='word_1_13' title='bbox 752 272 908 315; x_wconf 84' lang='lat' dir='ltr'><em>natu·</em></span> <span class='ocrx_word' id='word_1_14' title='bbox 1003 272 1202 326; x_wconf 90' lang='lat' dir='ltr'><em>inanes,</em></span> <span class='ocrx_word' id='word_1_15' title='bbox 1237 270 1565 316; x_wconf 83' lang='lat' dir='ltr'><em>naturalium</em></span> <span class='ocrx_word' id='word_1_16' title='bbox 1599 283 1807 328; x_wconf 87' lang='lat' dir='ltr'><em>quoque</em></span> 
     </span>
     <span class='ocr_line' id='line_1_4' title="bbox 105 331 1806 387; baseline -0.002 -9"><span class='ocrx_word' id='word_1_17' title='bbox 105 334 244 379; x_wconf 90' lang='lat' dir='ltr'><em>rales</em></span> <span class='ocrx_word' id='word_1_18' title='bbox 270 334 323 378; x_wconf 91' lang='lat' dir='ltr'><em>et</em></span> <span class='ocrx_word' id='word_1_19' title='bbox 346 333 545 387; x_wconf 87' lang='lat' dir='ltr'><em>inanes,</em></span> <span class='ocrx_word' id='word_1_20' title='bbox 581 332 906 377; x_wconf 85' lang='lat' dir='ltr'><em>naturalium</em></span> <span class='ocrx_word' id='word_1_21' title='bbox 1003 332 1123 375; x_wconf 86' lang='lat' dir='ltr'><em>item</em></span> <span class='ocrx_word' id='word_1_22' title='bbox 1143 331 1263 386; x_wconf 88' lang='lat' dir='ltr'><em>du0,</em></span> <span class='ocrx_word' id='word_1_23' title='bbox 1283 331 1613 376; x_wconf 89' lang='lat' dir='ltr'><em>necessarias</em></span> <span class='ocrx_word' id='word_1_24' title='bbox 1633 332 1685 375; x_wconf 86' lang='lat' dir='ltr'><em>et</em></span> <span class='ocrx_word' id='word_1_25' title='bbox 1700 343 1806 376; x_wconf 95' lang='lat' dir='ltr'><em>non</em></span> 
     </span>
     <span class='ocr_line' id='line_1_5' title="bbox 103 390 1807 448; baseline -0.002 -10"><span class='ocrx_word' id='word_1_26' title='bbox 103 394 224 448; x_wconf 87' lang='lat' dir='ltr'><em>du0‚</em></span> <span class='ocrx_word' id='word_1_27' title='bbox 256 393 586 438; x_wconf 86' lang='lat' dir='ltr'><em>necessariae</em></span> <span class='ocrx_word' id='word_1_28' title='bbox 611 392 663 437; x_wconf 87' lang='lat' dir='ltr'><em>et</em></span> <span class='ocrx_word' id='word_1_29' title='bbox 686 403 791 436; x_wconf 94' lang='lat' dir='ltr'><em>non</em></span> <span class='ocrx_word' id='word_1_30' title='bbox 819 402 908 435; x_wconf 94' lang='lat' dir='ltr'><em>ne-</em></span> <span class='ocrx_word' id='word_1_31' title='bbox 1002 391 1353 445; x_wconf 88' lang='lat' dir='ltr'><em>necessarias,</em></span> <span class='ocrx_word' id='word_1_32' title='bbox 1421 390 1659 446; x_wconf 82' lang='lat' dir='ltr'><em>confecta</em></span> <span class='ocrx_word' id='word_1_33' title='bbox 1724 402 1807 436; x_wconf 90' lang='lat' dir='ltr'><em>res</em></span> 
     </span>
     <span class='ocr_line' id='line_1_6' title="bbox 103 450 1806 508; baseline -0.002 -10"><span class='ocrx_word' id='word_1_34' title='bbox 103 454 382 498; x_wconf 76' lang='lat' dir='ltr'><em>cessarIae.</em></span> <span class='ocrx_word' id='word_1_35' title='bbox 401 451 638 508; x_wconf 79' lang='lat' dir='ltr'><em>confecta</em></span> <span class='ocrx_word' id='word_1_36' title='bbox 657 463 740 496; x_wconf 91' lang='lat' dir='ltr'><em>res</em></span> <span class='ocrx_word' id='word_1_37' title='bbox 758 451 906 496; x_wconf 88' lang='lat' dir='ltr'><em>esset.</em></span> <span class='ocrx_word' id='word_1_38' title='bbox 1002 451 1151 496; x_wconf 89' lang='lat' dir='ltr'><em>esset.</em></span> <span class='ocrx_word' id='word_1_39' title='bbox 1191 450 1441 496; x_wconf 88' lang='lat' dir='ltr'><em>Vitiosum</em></span> <span class='ocrx_word' id='word_1_40' title='bbox 1468 451 1548 496; x_wconf 92' lang='lat' dir='ltr'><em>est</em></span> <span class='ocrx_word' id='word_1_41' title='bbox 1572 451 1707 495; x_wconf 88' lang='lat' dir='ltr'><em>enim</em></span> <span class='ocrx_word' id='word_1_42' title='bbox 1736 486 1745 495; x_wconf 93' lang='lat'><strong>.</strong></span> <span class='ocrx_word' id='word_1_43' title='bbox 1765 485 1776 495; x_wconf 93' lang='lat'><strong>.</strong></span> <span class='ocrx_word' id='word_1_44' title='bbox 1796 486 1806 496; x_wconf 87' lang='lat'><strong>.</strong></span> 
     </span>
    </p>
   </div>
   <div class='ocr_carea' id='block_1_3' title="bbox 102 512 1702 692">
    <p class='ocr_par' dir='ltr' id='par_1_3' title="bbox 102 512 1702 692">
     <span class='ocr_line' id='line_1_7' title="bbox 104 512 749 558; baseline -0.002 0"><span class='ocrx_word' id='word_1_45' title='bbox 104 514 349 558; x_wconf 82' lang='lat' dir='ltr'><em>vitiosum</em></span> <span class='ocrx_word' id='word_1_46' title='bbox 384 513 464 557; x_wconf 91' lang='lat' dir='ltr'><em>est</em></span> <span class='ocrx_word' id='word_1_47' title='bbox 494 512 629 556; x_wconf 91' lang='lat' dir='ltr'><em>enim</em></span> <span class='ocrx_word' id='word_1_48' title='bbox 664 546 675 557; x_wconf 97' lang='lat'><strong>.</strong></span> <span class='ocrx_word' id='word_1_49' title='bbox 702 546 711 557; x_wconf 89' lang='lat'><strong>.</strong></span> <span class='ocrx_word' id='word_1_50' title='bbox 739 546 749 557; x_wconf 93' lang='lat'><strong>.</strong></span> 
     </span>
     <span class='ocr_line' id='line_1_8' title="bbox 102 584 1702 692; baseline -0.001 -60"><span class='ocrx_word' id='word_1_51' title='bbox 102 587 293 692; x_wconf 46' lang='lat' dir='ltr'><em>&amp;3337AE</em></span> <span class='ocrx_word' id='word_1_52' title='bbox 330 588 379 632; x_wconf 91' lang='lat' dir='ltr'><em>si</em></span> <span class='ocrx_word' id='word_1_53' title='bbox 418 586 640 643; x_wconf 80' lang='lat' dir='ltr'><em>definire</em></span> <span class='ocrx_word' id='word_1_54' title='bbox 683 587 731 631; x_wconf 91' lang='lat' dir='ltr'><em>si</em></span> <span class='ocrx_word' id='word_1_55' title='bbox 774 586 907 632; x_wconf 84' lang='lat' dir='ltr'><em>divi-</em></span> <span class='ocrx_word' id='word_1_56' title='bbox 999 585 1048 630; x_wconf 88' lang='lat' dir='ltr'><em>si</em></span> <span class='ocrx_word' id='word_1_57' title='bbox 1080 584 1317 641; x_wconf 82' lang='lat' dir='ltr'><em>diffinire</em></span> <span class='ocrx_word' id='word_1_58' title='bbox 1352 586 1433 631; x_wconf 79' lang='lat' dir='ltr'><em>uel</em></span> <span class='ocrx_word' id='word_1_59' title='bbox 1465 585 1702 630; x_wconf 87' lang='lat' dir='ltr'><em>diuidere</em></span> 
     </span>
    </p>
   </div>
   <div class='ocr_carea' id='block_1_4' title="bbox 98 720 1807 1007">
    <p class='ocr_par' dir='ltr' id='par_1_4' title="bbox 99 720 1807 970">
     <span class='ocr_line' id='line_1_9' title="bbox 102 720 1807 780; baseline -0.001 -13"><span class='ocrx_word' id='word_1_60' title='bbox 102 735 149 780; x_wconf 90' lang='lat' dir='ltr'><em>p.</em></span> <span class='ocrx_word' id='word_1_61' title='bbox 173 722 293 775; x_wconf 84' lang='lat'>47,8</span> <span class='ocrx_word' id='word_1_62' title='bbox 333 757 342 767; x_wconf 93' lang='lat'><strong>.</strong></span> <span class='ocrx_word' id='word_1_63' title='bbox 369 757 379 767; x_wconf 91' lang='lat'><strong>.</strong></span> <span class='ocrx_word' id='word_1_64' title='bbox 406 757 416 767; x_wconf 87' lang='lat'><strong>.</strong></span> <span class='ocrx_word' id='word_1_65' title='bbox 459 733 710 778; x_wconf 89' lang='lat' dir='ltr'><em>umquam</em></span> <span class='ocrx_word' id='word_1_66' title='bbox 760 721 908 766; x_wconf 85' lang='lat' dir='ltr'><em>volu-</em></span> <span class='ocrx_word' id='word_1_67' title='bbox 1002 732 1236 778; x_wconf 89' lang='lat' dir='ltr'><em>unquam</em></span> <span class='ocrx_word' id='word_1_68' title='bbox 1268 720 1594 777; x_wconf 82' lang='lat' dir='ltr'><em>voluptatem</em></span> <span class='ocrx_word' id='word_1_69' title='bbox 1621 720 1807 778; x_wconf 83' lang='lat' dir='ltr'><em>appel-</em></span> 
     </span>
     <span class='ocr_line' id='line_1_10' title="bbox 99 780 1807 839; baseline -0.002 -12"><span class='ocrx_word' id='word_1_70' title='bbox 99 781 910 839; x_wconf 84' lang='lat' dir='ltr'><em>ptatemappellavit‚appellat,·</em></span> <span class='ocrx_word' id='word_1_71' title='bbox 1001 781 1081 825; x_wconf 92' lang='lat' dir='ltr'><em>lat</em></span> <span class='ocrx_word' id='word_1_72' title='bbox 1112 781 1164 826; x_wconf 89' lang='lat' dir='ltr'><em>et</em></span> <span class='ocrx_word' id='word_1_73' title='bbox 1202 781 1339 825; x_wconf 87' lang='lat' dir='ltr'><em>hanc</em></span> <span class='ocrx_word' id='word_1_74' title='bbox 1379 781 1433 825; x_wconf 91' lang='lat' dir='ltr'><em>in</em></span> <span class='ocrx_word' id='word_1_75' title='bbox 1468 781 1613 825; x_wconf 89' lang='lat' dir='ltr'><em>motu</em></span> <span class='ocrx_word' id='word_1_76' title='bbox 1660 780 1807 825; x_wconf 82' lang='lat' dir='ltr'><em>volu-</em></span> 
     </span>
     <span class='ocr_line' id='line_1_11' title="bbox 102 840 1806 899; baseline -0.001 -13"><span class='ocrx_word' id='word_1_77' title='bbox 102 843 239 899; x_wconf 75' lang='lat' dir='ltr'><em>&#39;quae</em></span> <span class='ocrx_word' id='word_1_78' title='bbox 268 841 373 886; x_wconf 91' lang='lat' dir='ltr'><em>duo</em></span> <span class='ocrx_word' id='word_1_79' title='bbox 398 842 536 896; x_wconf 89' lang='lat' dir='ltr'><em>sunt,</em></span> <span class='ocrx_word' id='word_1_80' title='bbox 571 853 731 886; x_wconf 89' lang='lat' dir='ltr'><em>unum</em></span> <span class='ocrx_word' id='word_1_81' title='bbox 764 840 907 896; x_wconf 84' lang='lat' dir='ltr'><em>facit.</em></span> <span class='ocrx_word' id='word_1_82' title='bbox 998 841 1202 897; x_wconf 85' lang='lat' dir='ltr'><em>ptatem</em></span> <span class='ocrx_word' id='word_1_83' title='bbox 1232 852 1332 897; x_wconf 92' lang='lat' dir='ltr'><em>que</em></span> <span class='ocrx_word' id='word_1_84' title='bbox 1357 840 1463 885; x_wconf 88' lang='lat' dir='ltr'><em>duo</em></span> <span class='ocrx_word' id='word_1_85' title='bbox 1487 840 1615 885; x_wconf 90' lang='lat' dir='ltr'><em>sunt</em></span> <span class='ocrx_word' id='word_1_86' title='bbox 1646 852 1806 885; x_wconf 89' lang='lat' dir='ltr'><em>unum</em></span> 
     </span>
     <span class='ocr_line' id='line_1_12' title="bbox 101 899 1566 970; baseline 0 -24"><span class='ocrx_word' id='word_1_87' title='bbox 101 902 238 947; x_wconf 86' lang='lat' dir='ltr'><em>hanc</em></span> <span class='ocrx_word' id='word_1_88' title='bbox 256 901 309 970; x_wconf 84' lang='lat' dir='ltr'><em>in</em></span> <span class='ocrx_word' id='word_1_89' title='bbox 335 901 479 946; x_wconf 88' lang='lat' dir='ltr'><em>motu</em></span> <span class='ocrx_word' id='word_1_90' title='bbox 507 901 832 957; x_wconf 80' lang='lat' dir='ltr'><em>voluptatem</em></span> <span class='ocrx_word' id='word_1_91' title='bbox 852 924 908 931; x_wconf 90' lang='lat'>—</span> <span class='ocrx_word' id='word_1_92' title='bbox 1000 899 1144 956; x_wconf 79' lang='lat' dir='ltr'><em>facit.</em></span> <span class='ocrx_word' id='word_1_93' title='bbox 1192 899 1276 945; x_wconf 90' lang='lat' dir='ltr'><em>Sic</em></span> <span class='ocrx_word' id='word_1_94' title='bbox 1309 901 1446 945; x_wconf 90' lang='lat' dir='ltr'><em>enim</em></span> <span class='ocrx_word' id='word_1_95' title='bbox 1481 935 1491 946; x_wconf 92' lang='lat'><strong>.</strong></span> <span class='ocrx_word' id='word_1_96' title='bbox 1518 935 1528 946; x_wconf 88' lang='lat'><strong>.</strong></span> <span class='ocrx_word' id='word_1_97' title='bbox 1555 934 1566 945; x_wconf 87' lang='lat'><strong>.</strong></span> 
     </span>
    </p>

    <p class='ocr_par' dir='ltr' id='par_1_5' title="bbox 98 973 463 1007">
     <span class='ocr_line' id='line_1_13' title="bbox 98 973 463 1007; baseline -0.003 0"><span class='ocrx_word' id='word_1_98' title='bbox 98 973 175 1007; x_wconf 80' lang='lat' dir='ltr'><em>sic</em></span> <span class='ocrx_word' id='word_1_99' title='bbox 207 973 344 1006; x_wconf 77' lang='lat' dir='ltr'><em>enim</em></span> <span class='ocrx_word' id='word_1_100' title='bbox 378 995 388 1006; x_wconf 92' lang='lat'><strong>.</strong></span> <span class='ocrx_word' id='word_1_101' title='bbox 415 995 425 1006; x_wconf 92' lang='lat'><strong>.</strong></span> <span class='ocrx_word' id='word_1_102' title='bbox 453 995 463 1006; x_wconf 93' lang='lat'><strong>.</strong></span> 
     </span>
    </p>
   </div>
   <div class='ocr_carea' id='block_1_5' title="bbox 92 1046 1807 2952">
    <p class='ocr_par' dir='ltr' id='par_1_6' title="bbox 96 1046 1807 1991">
     <span class='ocr_line' id='line_1_14' title="bbox 100 1046 1805 1107; baseline 0 -13"><span class='ocrx_word' id='word_1_103' title='bbox 100 1048 463 1095; x_wconf 88' lang='lat' dir='ltr'><em>Additamenta</em></span> <span class='ocrx_word' id='word_1_104' title='bbox 487 1048 585 1102; x_wconf 86' lang='lat' dir='ltr'><em>illa,</em></span> <span class='ocrx_word' id='word_1_105' title='bbox 605 1060 738 1106; x_wconf 90' lang='lat' dir='ltr'><em>quae</em></span> <span class='ocrx_word' id='word_1_106' title='bbox 756 1048 993 1107; x_wconf 89' lang='lat' dir='ltr'><em>leguntur</em></span> <span class='ocrx_word' id='word_1_107' title='bbox 1016 1048 1190 1106; x_wconf 90' lang='lat' dir='ltr'><em>primis</em></span> <span class='ocrx_word' id='word_1_108' title='bbox 1213 1049 1415 1094; x_wconf 92' lang='lat' dir='ltr'><em>duobus</em></span> <span class='ocrx_word' id='word_1_109' title='bbox 1441 1048 1566 1094; x_wconf 91' lang='lat' dir='ltr'><em>locis</em></span> <span class='ocrx_word' id='word_1_110' title='bbox 1585 1046 1805 1106; x_wconf 89' lang='lat' dir='ltr'><em>(Etenim</em></span> 
     </span>
     <span class='ocr_line' id='line_1_15' title="bbox 101 1107 1807 1167; baseline 0.001 -13"><span class='ocrx_word' id='word_1_111' title='bbox 101 1110 353 1167; x_wconf 90' lang='lat' dir='ltr'><em>quoniam</em></span> <span class='ocrx_word' id='word_1_112' title='bbox 388 1111 495 1161; x_wconf 73' lang='lat' dir='ltr'><em>cet„</em></span> <span class='ocrx_word' id='word_1_113' title='bbox 530 1109 855 1165; x_wconf 80' lang='lat' dir='ltr'><em>voluptatem</em></span> <span class='ocrx_word' id='word_1_114' title='bbox 889 1110 1049 1154; x_wconf 87' lang='lat' dir='ltr'><em>etiam</em></span> <span class='ocrx_word' id='word_1_115' title='bbox 1085 1107 1197 1166; x_wconf 90' lang='lat' dir='ltr'><em>cet.)</em></span> <span class='ocrx_word' id='word_1_116' title='bbox 1227 1109 1464 1166; x_wconf 87' lang='lat' dir='ltr'><em>leguntur</em></span> <span class='ocrx_word' id='word_1_117' title='bbox 1489 1108 1642 1154; x_wconf 91' lang='lat' dir='ltr'><em>etiam</em></span> <span class='ocrx_word' id='word_1_118' title='bbox 1676 1109 1727 1154; x_wconf 93' lang='lat' dir='ltr'><em>in</em></span> <span class='ocrx_word' id='word_1_119' title='bbox 1751 1113 1807 1162; x_wconf 93' lang='lat' dir='ltr'><em>V,</em></span> 
     </span>
     <span class='ocr_line' id='line_1_16' title="bbox 102 1167 1807 1226; baseline 0 -12"><span class='ocrx_word' id='word_1_120' title='bbox 102 1180 265 1226; x_wconf 89' lang='lat' dir='ltr'><em>eaque</em></span> <span class='ocrx_word' id='word_1_121' title='bbox 305 1167 532 1226; x_wconf 89' lang='lat' dir='ltr'><em>primitus</em></span> <span class='ocrx_word' id='word_1_122' title='bbox 574 1171 682 1214; x_wconf 92' lang='lat' dir='ltr'><em>orta</em></span> <span class='ocrx_word' id='word_1_123' title='bbox 715 1180 829 1213; x_wconf 91' lang='lat' dir='ltr'><em>esse</em></span> <span class='ocrx_word' id='word_1_124' title='bbox 871 1180 1036 1214; x_wconf 91' lang='lat' dir='ltr'><em>errore</em></span> <span class='ocrx_word' id='word_1_125' title='bbox 1076 1168 1261 1214; x_wconf 92' lang='lat' dir='ltr'><em>librarii</em></span> <span class='ocrx_word' id='word_1_126' title='bbox 1302 1168 1516 1214; x_wconf 91' lang='lat' dir='ltr'><em>alicuius</em></span> <span class='ocrx_word' id='word_1_127' title='bbox 1558 1180 1677 1214; x_wconf 90' lang='lat' dir='ltr'><em>casu</em></span> <span class='ocrx_word' id='word_1_128' title='bbox 1720 1178 1807 1226; x_wconf 73' lang='lat' dir='ltr'><em>pa&#39;-</em></span> 
     </span>
     <span class='ocr_line' id='line_1_17' title="bbox 101 1227 1807 1287; baseline 0 -13"><span class='ocrx_word' id='word_1_129' title='bbox 101 1228 274 1287; x_wconf 88' lang='lat' dir='ltr'><em>ginam</em></span> <span class='ocrx_word' id='word_1_130' title='bbox 317 1228 401 1274; x_wconf 92' lang='lat' dir='ltr'><em>vel</em></span> <span class='ocrx_word' id='word_1_131' title='bbox 448 1228 664 1286; x_wconf 85' lang='lat' dir='ltr'><em>paginas</em></span> <span class='ocrx_word' id='word_1_132' title='bbox 705 1227 897 1286; x_wconf 84' lang='lat' dir='ltr'><em>aliquot</em></span> <span class='ocrx_word' id='word_1_133' title='bbox 941 1228 1201 1285; x_wconf 87' lang='lat' dir='ltr'><em>archetypi</em></span> <span class='ocrx_word' id='word_1_134' title='bbox 1246 1227 1524 1274; x_wconf 80' lang='lat' dir='ltr'><em>emittentis</em></span> <span class='ocrx_word' id='word_1_135' title='bbox 1573 1228 1807 1274; x_wconf 83' lang='lat' dir='ltr'><em>conicere</em></span> 
     </span>
     <span class='ocr_line' id='line_1_18' title="bbox 100 1287 1806 1346; baseline 0 -12"><span class='ocrx_word' id='word_1_136' title='bbox 100 1289 217 1335; x_wconf 90' lang='lat' dir='ltr'><em>licet</em></span> <span class='ocrx_word' id='word_1_137' title='bbox 261 1300 324 1334; x_wconf 92' lang='lat' dir='ltr'><em>ex</em></span> <span class='ocrx_word' id='word_1_138' title='bbox 364 1287 446 1341; x_wconf 81' lang='lat' dir='ltr'><em>iis,</em></span> <span class='ocrx_word' id='word_1_139' title='bbox 495 1299 627 1346; x_wconf 84' lang='lat' dir='ltr'><em>quae</em></span> <span class='ocrx_word' id='word_1_140' title='bbox 668 1287 770 1333; x_wconf 85' lang='lat'><em>126</em></span> <span class='ocrx_word' id='word_1_141' title='bbox 809 1287 860 1333; x_wconf 93' lang='lat' dir='ltr'><em>in</em></span> <span class='ocrx_word' id='word_1_142' title='bbox 900 1288 1182 1334; x_wconf 90' lang='lat' dir='ltr'><em>Moreliano</em></span> <span class='ocrx_word' id='word_1_143' title='bbox 1226 1290 1276 1333; x_wconf 94' lang='lat' dir='ltr'><em>et</em></span> <span class='ocrx_word' id='word_1_144' title='bbox 1314 1292 1352 1334; x_wconf 84' lang='lat' dir='ltr'>R</span> <span class='ocrx_word' id='word_1_145' title='bbox 1392 1287 1608 1333; x_wconf 92' lang='lat' dir='ltr'><em>inveniri</em></span> <span class='ocrx_word' id='word_1_146' title='bbox 1652 1301 1806 1346; x_wconf 89' lang='lat' dir='ltr'><em>supra</em></span> 
     </span>
     <span class='ocr_line' id='line_1_19' title="bbox 100 1346 1804 1406; baseline -0.001 -12"><span class='ocrx_word' id='word_1_147' title='bbox 100 1346 344 1406; x_wconf 86' lang='lat' dir='ltr'><em>(p.VIsq.)</em></span> <span class='ocrx_word' id='word_1_148' title='bbox 371 1347 489 1393; x_wconf 87' lang='lat' dir='ltr'><em>dixi.</em></span> <span class='ocrx_word' id='word_1_149' title='bbox 530 1347 582 1393; x_wconf 90' lang='grc' dir='ltr'><em>Ρ.</em></span> <span class='ocrx_word' id='word_1_150' title='bbox 599 1348 672 1400; x_wconf 86' lang='grc'><em>45,</em></span> <span class='ocrx_word' id='word_1_151' title='bbox 689 1348 719 1392; x_wconf 90' lang='grc'><strong>6</strong></span> <span class='ocrx_word' id='word_1_152' title='bbox 743 1359 927 1393; x_wconf 90' lang='lat' dir='ltr'><em>vocem</em></span> <span class='ocrx_word' id='word_1_153' title='bbox 953 1349 1006 1394; x_wconf 89' lang='lat' dir='ltr'><em>et</em></span> <span class='ocrx_word' id='word_1_154' title='bbox 1029 1359 1144 1393; x_wconf 91' lang='lat' dir='ltr'><em>cum</em></span> <span class='ocrx_word' id='word_1_155' title='bbox 1169 1347 1318 1393; x_wconf 91' lang='lat' dir='ltr'><em>bonis</em></span> <span class='ocrx_word' id='word_1_156' title='bbox 1343 1347 1482 1393; x_wconf 90' lang='lat' dir='ltr'><em>libris</em></span> <span class='ocrx_word' id='word_1_157' title='bbox 1503 1351 1545 1393; x_wconf 91' lang='lat' dir='ltr'>V</span> <span class='ocrx_word' id='word_1_158' title='bbox 1570 1348 1804 1394; x_wconf 83' lang='lat' dir='ltr'><em>servavit.</em></span> 
     </span>
     <span class='ocr_line' id='line_1_20' title="bbox 101 1407 1806 1466; baseline 0 -12"><span class='ocrx_word' id='word_1_159' title='bbox 101 1408 152 1454; x_wconf 88' lang='lat' dir='ltr'><em>P.</em></span> <span class='ocrx_word' id='word_1_160' title='bbox 177 1408 250 1461; x_wconf 88' lang='lat'><em>45,</em></span> <span class='ocrx_word' id='word_1_161' title='bbox 267 1408 297 1453; x_wconf 86' lang='lat'>9</span> <span class='ocrx_word' id='word_1_162' title='bbox 314 1420 420 1465; x_wconf 90' lang='lat' dir='ltr'><em>sqq.</em></span> <span class='ocrx_word' id='word_1_163' title='bbox 454 1407 506 1452; x_wconf 91' lang='lat' dir='ltr'><em>in</em></span> <span class='ocrx_word' id='word_1_164' title='bbox 530 1411 572 1453; x_wconf 90' lang='lat' dir='ltr'>V</span> <span class='ocrx_word' id='word_1_165' title='bbox 597 1407 799 1465; x_wconf 88' lang='lat' dir='ltr'><em>propria</em></span> <span class='ocrx_word' id='word_1_166' title='bbox 831 1410 948 1452; x_wconf 92' lang='lat' dir='ltr'><em>sunt</em></span> <span class='ocrx_word' id='word_1_167' title='bbox 981 1408 1169 1453; x_wconf 91' lang='lat' dir='ltr'><em>menda</em></span> <span class='ocrx_word' id='word_1_168' title='bbox 1196 1410 1414 1466; x_wconf 72' lang='lat' dir='ltr'><em>tanyere</em></span> <span class='ocrx_word' id='word_1_169' title='bbox 1440 1420 1530 1465; x_wconf 91' lang='lat' dir='ltr'><em>pro</em></span> <span class='ocrx_word' id='word_1_170' title='bbox 1556 1408 1806 1466; x_wconf 72' lang='lat' dir='ltr'><em>franyere</em></span> 
     </span>
     <span class='ocr_line' id='line_1_21' title="bbox 102 1467 1805 1525; baseline 0 -12"><span class='ocrx_word' id='word_1_171' title='bbox 102 1470 151 1513; x_wconf 94' lang='lat' dir='ltr'><em>et</em></span> <span class='ocrx_word' id='word_1_172' title='bbox 182 1467 420 1524; x_wconf 82' lang='lat' dir='ltr'><em>confecta</em></span> <span class='ocrx_word' id='word_1_173' title='bbox 453 1480 536 1513; x_wconf 92' lang='lat' dir='ltr'><em>res</em></span> <span class='ocrx_word' id='word_1_174' title='bbox 570 1469 650 1513; x_wconf 91' lang='lat' dir='ltr'><em>est</em></span> <span class='ocrx_word' id='word_1_175' title='bbox 679 1479 770 1525; x_wconf 90' lang='lat' dir='ltr'><em>pro</em></span> <span class='ocrx_word' id='word_1_176' title='bbox 803 1467 1041 1524; x_wconf 82' lang='lat' dir='ltr'><em>confecta</em></span> <span class='ocrx_word' id='word_1_177' title='bbox 1075 1480 1158 1513; x_wconf 94' lang='lat' dir='ltr'><em>res</em></span> <span class='ocrx_word' id='word_1_178' title='bbox 1193 1470 1342 1521; x_wconf 89' lang='lat' dir='ltr'><em>esset,</em></span> <span class='ocrx_word' id='word_1_179' title='bbox 1377 1470 1601 1514; x_wconf 90' lang='lat' dir='ltr'><em>ceterum</em></span> <span class='ocrx_word' id='word_1_180' title='bbox 1635 1471 1805 1514; x_wconf 88' lang='lat' dir='ltr'><em>autem</em></span> 
     </span>
     <span class='ocr_line' id='line_1_22' title="bbox 100 1527 1806 1585; baseline 0 -12"><span class='ocrx_word' id='word_1_181' title='bbox 100 1530 326 1573; x_wconf 88' lang='lat' dir='ltr'><em>servatur</em></span> <span class='ocrx_word' id='word_1_182' title='bbox 367 1527 603 1572; x_wconf 90' lang='lat' dir='ltr'><em>codicum</em></span> <span class='ocrx_word' id='word_1_183' title='bbox 643 1527 894 1573; x_wconf 92' lang='lat' dir='ltr'><em>bonorum</em></span> <span class='ocrx_word' id='word_1_184' title='bbox 935 1527 1109 1580; x_wconf 90' lang='lat' dir='ltr'><em>lecti0,</em></span> <span class='ocrx_word' id='word_1_185' title='bbox 1151 1540 1284 1585; x_wconf 91' lang='lat' dir='ltr'><em>quae</em></span> <span class='ocrx_word' id='word_1_186' title='bbox 1325 1530 1569 1585; x_wconf 90' lang='lat' dir='ltr'><em>quantum</em></span> <span class='ocrx_word' id='word_1_187' title='bbox 1612 1527 1806 1573; x_wconf 79' lang='lat' dir='ltr'><em>differat</em></span> 
     </span>
     <span class='ocr_line' id='line_1_23' title="bbox 98 1586 1805 1633; baseline -0.001 0"><span class='ocrx_word' id='word_1_188' title='bbox 98 1587 162 1633; x_wconf 88' lang='lat' dir='ltr'><em>ab</em></span> <span class='ocrx_word' id='word_1_189' title='bbox 197 1586 538 1632; x_wconf 87' lang='lat' dir='ltr'><em>audacissima</em></span> <span class='ocrx_word' id='word_1_190' title='bbox 563 1587 614 1632; x_wconf 93' lang='lat' dir='ltr'><em>in</em></span> <span class='ocrx_word' id='word_1_191' title='bbox 641 1586 975 1632; x_wconf 89' lang='lat' dir='ltr'><em>deterioribus</em></span> <span class='ocrx_word' id='word_1_192' title='bbox 1001 1587 1354 1633; x_wconf 84' lang='lat' dir='ltr'><em>immutatione</em></span> <span class='ocrx_word' id='word_1_193' title='bbox 1379 1587 1532 1633; x_wconf 90' lang='lat' dir='ltr'><em>totius</em></span> <span class='ocrx_word' id='word_1_194' title='bbox 1559 1588 1805 1633; x_wconf 89' lang='lat' dir='ltr'><em>enuntiati</em></span> 
     </span>
     <span class='ocr_line' id='line_1_24' title="bbox 96 1646 1805 1705; baseline 0.001 -13"><span class='ocrx_word' id='word_1_195' title='bbox 96 1659 250 1692; x_wconf 91' lang='lat' dir='ltr'><em>nemo</em></span> <span class='ocrx_word' id='word_1_196' title='bbox 293 1658 396 1692; x_wconf 90' lang='lat' dir='ltr'><em>non</em></span> <span class='ocrx_word' id='word_1_197' title='bbox 437 1646 590 1692; x_wconf 90' lang='lat' dir='ltr'><em>videt.</em></span> <span class='ocrx_word' id='word_1_198' title='bbox 640 1646 691 1693; x_wconf 90' lang='lat' dir='ltr'><em>P.</em></span> <span class='ocrx_word' id='word_1_199' title='bbox 716 1647 836 1699; x_wconf 88' lang='lat'>47,5</span> <span class='ocrx_word' id='word_1_200' title='bbox 868 1646 919 1691; x_wconf 92' lang='lat' dir='ltr'><em>in</em></span> <span class='ocrx_word' id='word_1_201' title='bbox 943 1651 985 1692; x_wconf 92' lang='lat' dir='ltr'>V</span> <span class='ocrx_word' id='word_1_202' title='bbox 1016 1646 1154 1705; x_wconf 92' lang='lat' dir='ltr'><em>prius</em></span> <span class='ocrx_word' id='word_1_203' title='bbox 1191 1649 1240 1693; x_wconf 89' lang='lat' dir='ltr'><em>si</em></span> <span class='ocrx_word' id='word_1_204' title='bbox 1273 1647 1474 1700; x_wconf 84' lang='lat' dir='ltr'><em>excidit,</em></span> <span class='ocrx_word' id='word_1_205' title='bbox 1508 1659 1598 1705; x_wconf 91' lang='lat' dir='ltr'><em>pro</em></span> <span class='ocrx_word' id='word_1_206' title='bbox 1633 1647 1805 1701; x_wconf 92' lang='lat' dir='ltr'><em>altero,</em></span> 
     </span>
     <span class='ocr_line' id='line_1_25' title="bbox 98 1706 1806 1765; baseline 0.001 -14"><span class='ocrx_word' id='word_1_207' title='bbox 98 1709 151 1752; x_wconf 92' lang='lat' dir='ltr'><em>ut</em></span> <span class='ocrx_word' id='word_1_208' title='bbox 190 1706 241 1751; x_wconf 90' lang='lat' dir='ltr'><em>in</em></span> <span class='ocrx_word' id='word_1_209' title='bbox 282 1706 430 1752; x_wconf 92' lang='lat' dir='ltr'><em>bonis</em></span> <span class='ocrx_word' id='word_1_210' title='bbox 470 1708 668 1763; x_wconf 88' lang='lat' dir='ltr'><em>praeter</em></span> <span class='ocrx_word' id='word_1_211' title='bbox 699 1710 803 1759; x_wconf 88' lang='lat' dir='ltr'><em>BE,</em></span> <span class='ocrx_word' id='word_1_212' title='bbox 845 1706 1030 1764; x_wconf 87' lang='lat' dir='ltr'><em>legitur</em></span> <span class='ocrx_word' id='word_1_213' title='bbox 1062 1708 1115 1752; x_wconf 90' lang='lat' dir='ltr'><em>in</em></span> <span class='ocrx_word' id='word_1_214' title='bbox 1148 1707 1231 1752; x_wconf 91' lang='lat' dir='ltr'><em>vel</em></span> <span class='ocrx_word' id='word_1_215' title='bbox 1265 1709 1341 1760; x_wconf 93' lang='lat' dir='ltr'><em>ni,</em></span> <span class='ocrx_word' id='word_1_216' title='bbox 1382 1719 1486 1753; x_wconf 92' lang='lat' dir='ltr'><em>non</em></span> <span class='ocrx_word' id='word_1_217' title='bbox 1521 1708 1624 1760; x_wconf 81' lang='lat' dir='ltr'><em>vel,</em></span> <span class='ocrx_word' id='word_1_218' title='bbox 1667 1708 1806 1765; x_wconf 91' lang='lat' dir='ltr'><em>quod</em></span> 
     </span>
     <span class='ocr_line' id='line_1_26' title="bbox 96 1765 1804 1823; baseline 0.001 -12"><span class='ocrx_word' id='word_1_219' title='bbox 96 1766 286 1812; x_wconf 89' lang='lat' dir='ltr'><em>habent</em></span> <span class='ocrx_word' id='word_1_220' title='bbox 334 1765 610 1811; x_wconf 91' lang='lat' dir='ltr'><em>deteriores</em></span> <span class='ocrx_word' id='word_1_221' title='bbox 659 1768 709 1811; x_wconf 90' lang='lat' dir='ltr'><em>et</em></span> <span class='ocrx_word' id='word_1_222' title='bbox 757 1765 842 1823; x_wconf 94' lang='lat' dir='ltr'><em>qui</em></span> <span class='ocrx_word' id='word_1_223' title='bbox 892 1766 1098 1812; x_wconf 91' lang='lat' dir='ltr'><em>codices</em></span> <span class='ocrx_word' id='word_1_224' title='bbox 1138 1770 1180 1811; x_wconf 89' lang='lat' dir='ltr'>A</span> <span class='ocrx_word' id='word_1_225' title='bbox 1222 1769 1271 1812; x_wconf 89' lang='lat' dir='ltr'><em>et</em></span> <span class='ocrx_word' id='word_1_226' title='bbox 1302 1772 1344 1812; x_wconf 93' lang='lat' dir='ltr'>N</span> <span class='ocrx_word' id='word_1_227' title='bbox 1386 1767 1804 1813; x_wconf 88' lang='lat' dir='ltr'><em>emendaverunt.</em></span> 
     </span>
     <span class='ocr_line' id='line_1_27' title="bbox 97 1825 1805 1883; baseline 0.001 -12"><span class='ocrx_word' id='word_1_228' title='bbox 97 1826 148 1871; x_wconf 90' lang='lat' dir='ltr'><em>P.</em></span> <span class='ocrx_word' id='word_1_229' title='bbox 173 1825 416 1883; x_wconf 84' lang='lat' dir='ltr'><em>47,8sqq.</em></span> <span class='ocrx_word' id='word_1_230' title='bbox 449 1825 634 1883; x_wconf 88' lang='lat' dir='ltr'><em>pariter</em></span> <span class='ocrx_word' id='word_1_231' title='bbox 666 1828 818 1883; x_wconf 91' lang='lat' dir='ltr'><em>atque</em></span> <span class='ocrx_word' id='word_1_232' title='bbox 851 1839 898 1883; x_wconf 92' lang='lat' dir='ltr'><em>p.</em></span> <span class='ocrx_word' id='word_1_233' title='bbox 923 1826 1043 1879; x_wconf 90' lang='grc'>45,9</span> <span class='ocrx_word' id='word_1_234' title='bbox 1074 1830 1115 1871; x_wconf 90' lang='lat' dir='ltr'>V</span> <span class='ocrx_word' id='word_1_235' title='bbox 1147 1827 1303 1872; x_wconf 87' lang='lat' dir='ltr'><em>habet</em></span> <span class='ocrx_word' id='word_1_236' title='bbox 1335 1826 1610 1873; x_wconf 91' lang='lat' dir='ltr'><em>lectionem</em></span> <span class='ocrx_word' id='word_1_237' title='bbox 1644 1827 1805 1874; x_wconf 79' lang='lat' dir='ltr'><em>bono-</em></span> 
     </span>
     <span class='ocr_line' id='line_1_28' title="bbox 96 1885 1806 1945; baseline 0.002 -15"><span class='ocrx_word' id='word_1_238' title='bbox 96 1898 205 1931; x_wconf 91' lang='lat' dir='ltr'><em>rum</em></span> <span class='ocrx_word' id='word_1_239' title='bbox 238 1885 492 1938; x_wconf 88' lang='lat' dir='ltr'><em>librorum,</em></span> <span class='ocrx_word' id='word_1_240' title='bbox 527 1897 630 1931; x_wconf 93' lang='lat' dir='ltr'><em>non</em></span> <span class='ocrx_word' id='word_1_241' title='bbox 658 1897 786 1939; x_wconf 89' lang='lat' dir='ltr'><em>eam,</em></span> <span class='ocrx_word' id='word_1_242' title='bbox 820 1898 955 1944; x_wconf 91' lang='lat' dir='ltr'><em>quae</em></span> <span class='ocrx_word' id='word_1_243' title='bbox 981 1887 1261 1933; x_wconf 83' lang='lat' dir='ltr'><em>admodum</em></span> <span class='ocrx_word' id='word_1_244' title='bbox 1287 1887 1591 1945; x_wconf 89' lang='lat' dir='ltr'><em>interpolata</em></span> <span class='ocrx_word' id='word_1_245' title='bbox 1623 1887 1806 1945; x_wconf 87' lang='lat' dir='ltr'><em>legitur</em></span> 
     </span>
     <span class='ocr_line' id='line_1_29' title="bbox 97 1945 531 1991; baseline 0 -1"><span class='ocrx_word' id='word_1_246' title='bbox 97 1945 148 1990; x_wconf 93' lang='lat' dir='ltr'><em>in</em></span> <span class='ocrx_word' id='word_1_247' title='bbox 182 1945 531 1991; x_wconf 82' lang='lat' dir='ltr'><em>deterioribus,</em></span> 
     </span>
    </p>

    <p class='ocr_par' dir='ltr' id='par_1_7' title="bbox 92 2004 1805 2952">
     <span class='ocr_line' id='line_1_30' title="bbox 171 2004 1804 2063; baseline 0.001 -13"><span class='ocrx_word' id='word_1_248' title='bbox 171 2005 274 2050; x_wconf 88' lang='lat' dir='ltr'><em>Iam</em></span> <span class='ocrx_word' id='word_1_249' title='bbox 307 2004 349 2050; x_wconf 91' lang='lat' dir='ltr'><em>si</em></span> <span class='ocrx_word' id='word_1_250' title='bbox 375 2004 679 2063; x_wconf 83' lang='lat' dir='ltr'><em>quaerimuS,</em></span> <span class='ocrx_word' id='word_1_251' title='bbox 714 2008 959 2063; x_wconf 88' lang='lat' dir='ltr'><em>quantum</em></span> <span class='ocrx_word' id='word_1_252' title='bbox 992 2005 1070 2051; x_wconf 92' lang='lat' dir='ltr'><em>his</em></span> <span class='ocrx_word' id='word_1_253' title='bbox 1104 2005 1367 2052; x_wconf 89' lang='lat' dir='ltr'><em>codicibus</em></span> <span class='ocrx_word' id='word_1_254' title='bbox 1393 2005 1456 2051; x_wconf 92' lang='lat' dir='ltr'><em>sit</em></span> <span class='ocrx_word' id='word_1_255' title='bbox 1479 2006 1804 2052; x_wconf 91' lang='lat' dir='ltr'><em>tribuendum</em></span> 
     </span>
     <span class='ocr_line' id='line_1_31' title="bbox 97 2065 1805 2123; baseline 0.001 -14"><span class='ocrx_word' id='word_1_256' title='bbox 97 2065 163 2110; x_wconf 88' lang='lat' dir='ltr'><em>ad</em></span> <span class='ocrx_word' id='word_1_257' title='bbox 190 2065 554 2110; x_wconf 83' lang='lat' dir='ltr'><em>conformanda</em></span> <span class='ocrx_word' id='word_1_258' title='bbox 577 2065 736 2110; x_wconf 88' lang='lat' dir='ltr'><em>verba</em></span> <span class='ocrx_word' id='word_1_259' title='bbox 760 2065 1005 2118; x_wconf 88' lang='lat' dir='ltr'><em>Tulliana,</em></span> <span class='ocrx_word' id='word_1_260' title='bbox 1032 2065 1157 2110; x_wconf 92' lang='lat' dir='ltr'><em>illud</em></span> <span class='ocrx_word' id='word_1_261' title='bbox 1182 2077 1318 2111; x_wconf 91' lang='lat' dir='ltr'><em>nunc</em></span> <span class='ocrx_word' id='word_1_262' title='bbox 1345 2078 1550 2123; x_wconf 92' lang='lat' dir='ltr'><em>quoque</em></span> <span class='ocrx_word' id='word_1_263' title='bbox 1575 2069 1629 2112; x_wconf 94' lang='lat' dir='ltr'><em>ut</em></span> <span class='ocrx_word' id='word_1_264' title='bbox 1654 2069 1805 2112; x_wconf 86' lang='lat' dir='ltr'><em>antea</em></span> 
     </span>
     <span class='ocr_line' id='line_1_32' title="bbox 94 2124 1802 2178; baseline 0.001 -9"><span class='ocrx_word' id='word_1_265' title='bbox 94 2124 374 2170; x_wconf 89' lang='lat' dir='ltr'><em>tenendum</em></span> <span class='ocrx_word' id='word_1_266' title='bbox 400 2127 489 2177; x_wconf 89' lang='lat' dir='ltr'><em>est,</em></span> <span class='ocrx_word' id='word_1_267' title='bbox 523 2124 755 2170; x_wconf 91' lang='lat' dir='ltr'><em>codicem</em></span> <span class='ocrx_word' id='word_1_268' title='bbox 782 2128 837 2178; x_wconf 85' lang='lat' dir='ltr'><em>A,</em></span> <span class='ocrx_word' id='word_1_269' title='bbox 871 2127 925 2170; x_wconf 94' lang='lat' dir='ltr'><em>ut</em></span> <span class='ocrx_word' id='word_1_270' title='bbox 958 2127 1034 2170; x_wconf 91' lang='lat' dir='ltr'><em>est</em></span> <span class='ocrx_word' id='word_1_271' title='bbox 1058 2125 1447 2178; x_wconf 90' lang='lat' dir='ltr'><em>vetustissimus,</em></span> <span class='ocrx_word' id='word_1_272' title='bbox 1478 2125 1547 2170; x_wconf 88' lang='lat' dir='ltr'><em>ita</em></span> <span class='ocrx_word' id='word_1_273' title='bbox 1572 2126 1802 2172; x_wconf 90' lang='lat' dir='ltr'><em>omnium</em></span> 
     </span>
     <span class='ocr_line' id='line_1_33' title="bbox 96 2183 1804 2241; baseline 0.001 -12"><span class='ocrx_word' id='word_1_274' title='bbox 96 2195 210 2230; x_wconf 90' lang='lat' dir='ltr'><em>esse</em></span> <span class='ocrx_word' id='word_1_275' title='bbox 243 2183 505 2241; x_wconf 89' lang='lat' dir='ltr'><em>optimum.</em></span> <span class='ocrx_word' id='word_1_276' title='bbox 554 2183 790 2230; x_wconf 89' lang='lat' dir='ltr'><em>Proxime</em></span> <span class='ocrx_word' id='word_1_277' title='bbox 822 2187 993 2230; x_wconf 89' lang='lat' dir='ltr'><em>autem</em></span> <span class='ocrx_word' id='word_1_278' title='bbox 1027 2185 1092 2230; x_wconf 86' lang='lat' dir='ltr'><em>ad</em></span> <span class='ocrx_word' id='word_1_279' title='bbox 1119 2197 1237 2230; x_wconf 92' lang='lat' dir='ltr'><em>eum</em></span> <span class='ocrx_word' id='word_1_280' title='bbox 1268 2187 1317 2231; x_wconf 92' lang='lat' dir='ltr'><em>et</em></span> <span class='ocrx_word' id='word_1_281' title='bbox 1341 2187 1594 2231; x_wconf 86' lang='lat' dir='ltr'><em>vetustate</em></span> <span class='ocrx_word' id='word_1_282' title='bbox 1628 2188 1678 2232; x_wconf 93' lang='lat' dir='ltr'><em>et</em></span> <span class='ocrx_word' id='word_1_283' title='bbox 1701 2186 1804 2231; x_wconf 80' lang='lat' dir='ltr'><em>fide</em></span> 
     </span>
     <span class='ocr_line' id='line_1_34' title="bbox 95 2242 1804 2303; baseline 0.002 -15"><span class='ocrx_word' id='word_1_284' title='bbox 95 2243 293 2290; x_wconf 88' lang='lat' dir='ltr'><em>accedit</em></span> <span class='ocrx_word' id='word_1_285' title='bbox 337 2244 448 2290; x_wconf 89' lang='lat' dir='ltr'><em>cod.</em></span> <span class='ocrx_word' id='word_1_286' title='bbox 492 2247 544 2289; x_wconf 86' lang='lat' dir='ltr'><em>R.</em></span> <span class='ocrx_word' id='word_1_287' title='bbox 601 2242 699 2295; x_wconf 89' lang='lat' dir='ltr'><em>Qui</em></span> <span class='ocrx_word' id='word_1_288' title='bbox 745 2243 839 2290; x_wconf 92' lang='lat' dir='ltr'><em>hos</em></span> <span class='ocrx_word' id='word_1_289' title='bbox 883 2243 1037 2290; x_wconf 91' lang='lat' dir='ltr'><em>libros</em></span> <span class='ocrx_word' id='word_1_290' title='bbox 1082 2244 1408 2302; x_wconf 91' lang='lat' dir='ltr'><em>scripserunt,</em></span> <span class='ocrx_word' id='word_1_291' title='bbox 1451 2257 1534 2299; x_wconf 89' lang='lat' dir='ltr'><em>ea,</em></span> <span class='ocrx_word' id='word_1_292' title='bbox 1576 2257 1709 2303; x_wconf 89' lang='lat' dir='ltr'><em>quae</em></span> <span class='ocrx_word' id='word_1_293' title='bbox 1753 2245 1804 2291; x_wconf 93' lang='lat' dir='ltr'><em>in</em></span> 
     </span>
     <span class='ocr_line' id='line_1_35' title="bbox 95 2303 1804 2361; baseline 0.002 -13"><span class='ocrx_word' id='word_1_294' title='bbox 95 2315 188 2349; x_wconf 91' lang='lat' dir='ltr'><em>suo</em></span> <span class='ocrx_word' id='word_1_295' title='bbox 223 2303 438 2361; x_wconf 91' lang='lat' dir='ltr'><em>quisque</em></span> <span class='ocrx_word' id='word_1_296' title='bbox 473 2303 751 2361; x_wconf 86' lang='lat' dir='ltr'><em>exemplari</em></span> <span class='ocrx_word' id='word_1_297' title='bbox 783 2303 1092 2357; x_wconf 87' lang='lat' dir='ltr'><em>inveniebat,</em></span> <span class='ocrx_word' id='word_1_298' title='bbox 1125 2304 1208 2357; x_wconf 88' lang='lat' dir='ltr'><em>ita,</em></span> <span class='ocrx_word' id='word_1_299' title='bbox 1241 2307 1296 2350; x_wconf 91' lang='lat' dir='ltr'><em>ut</em></span> <span class='ocrx_word' id='word_1_300' title='bbox 1327 2304 1375 2350; x_wconf 91' lang='lat' dir='ltr'><em>le</em></span> <span class='ocrx_word' id='word_1_301' title='bbox 1416 2317 1501 2351; x_wconf 92' lang='lat' dir='ltr'><em>ere</em></span> <span class='ocrx_word' id='word_1_302' title='bbox 1534 2305 1630 2352; x_wconf 90' lang='lat' dir='ltr'><em>sibi</em></span> <span class='ocrx_word' id='word_1_303' title='bbox 1662 2305 1804 2352; x_wconf 86' lang='lat' dir='ltr'><em>vide-</em></span> 
     </span>
     <span class='ocr_line' id='line_1_36' title="bbox 94 2362 1803 2423; baseline 0.001 -15"><span class='ocrx_word' id='word_1_304' title='bbox 94 2363 288 2416; x_wconf 88' lang='lat' dir='ltr'><em>bantur,</em></span> <span class='ocrx_word' id='word_1_305' title='bbox 321 2362 748 2409; x_wconf 89' lang='lat' dir='ltr'><em>transscribebant</em></span> <span class='ocrx_word' id='word_1_306' title='bbox 779 2375 882 2409; x_wconf 91' lang='lat' dir='ltr'><em>non</em></span> <span class='ocrx_word' id='word_1_307' title='bbox 916 2366 1149 2410; x_wconf 91' lang='lat' dir='ltr'><em>curantes</em></span> <span class='ocrx_word' id='word_1_308' title='bbox 1182 2366 1236 2409; x_wconf 92' lang='lat' dir='ltr'><em>ut</em></span> <span class='ocrx_word' id='word_1_309' title='bbox 1268 2364 1389 2410; x_wconf 91' lang='lat' dir='ltr'><em>intel</em></span> <span class='ocrx_word' id='word_1_310' title='bbox 1413 2367 1636 2423; x_wconf 86' lang='lat' dir='ltr'><em>egerent,</em></span> <span class='ocrx_word' id='word_1_311' title='bbox 1671 2378 1803 2423; x_wconf 89' lang='lat' dir='ltr'><em>quae</em></span> 
     </span>
     <span class='ocr_line' id='line_1_37' title="bbox 95 2421 1802 2483; baseline 0.002 -16"><span class='ocrx_word' id='word_1_312' title='bbox 95 2422 396 2468; x_wconf 89' lang='lat' dir='ltr'><em>scribebant.</em></span> <span class='ocrx_word' id='word_1_313' title='bbox 445 2421 613 2474; x_wconf 92' lang='lat' dir='ltr'><em>Quare</em></span> <span class='ocrx_word' id='word_1_314' title='bbox 645 2422 884 2468; x_wconf 90' lang='lat' dir='ltr'><em>rarissimi</em></span> <span class='ocrx_word' id='word_1_315' title='bbox 925 2435 1102 2470; x_wconf 90' lang='lat' dir='ltr'><em>eorum</em></span> <span class='ocrx_word' id='word_1_316' title='bbox 1135 2425 1251 2470; x_wconf 91' lang='lat' dir='ltr'><em>sunt</em></span> <span class='ocrx_word' id='word_1_317' title='bbox 1291 2426 1504 2470; x_wconf 90' lang='lat' dir='ltr'><em>conatus</em></span> <span class='ocrx_word' id='word_1_318' title='bbox 1547 2436 1629 2478; x_wconf 89' lang='lat' dir='ltr'><em>ea,</em></span> <span class='ocrx_word' id='word_1_319' title='bbox 1669 2437 1802 2483; x_wconf 89' lang='lat' dir='ltr'><em>quae</em></span> 
     </span>
     <span class='ocr_line' id='line_1_38' title="bbox 95 2481 1802 2541; baseline 0.002 -14"><span class='ocrx_word' id='word_1_320' title='bbox 95 2481 318 2528; x_wconf 78' lang='lat' dir='ltr'><em>difficilia</em></span> <span class='ocrx_word' id='word_1_321' title='bbox 344 2485 485 2528; x_wconf 89' lang='lat' dir='ltr'><em>erant</em></span> <span class='ocrx_word' id='word_1_322' title='bbox 509 2482 657 2535; x_wconf 90' lang='lat' dir='ltr'><em>lectu,</em></span> <span class='ocrx_word' id='word_1_323' title='bbox 688 2494 781 2528; x_wconf 91' lang='lat' dir='ltr'><em>suo</em></span> <span class='ocrx_word' id='word_1_324' title='bbox 808 2483 967 2529; x_wconf 88' lang='lat' dir='ltr'><em>Marte</em></span> <span class='ocrx_word' id='word_1_325' title='bbox 991 2483 1353 2541; x_wconf 87' lang='lat' dir='ltr'><em>interpretandi</em></span> <span class='ocrx_word' id='word_1_326' title='bbox 1378 2484 1462 2530; x_wconf 92' lang='lat' dir='ltr'><em>vel</em></span> <span class='ocrx_word' id='word_1_327' title='bbox 1491 2484 1802 2530; x_wconf 90' lang='lat' dir='ltr'><em>restituendi.</em></span> 
     </span>
     <span class='ocr_line' id='line_1_39' title="bbox 95 2540 1802 2602; baseline 0.002 -16"><span class='ocrx_word' id='word_1_328' title='bbox 95 2540 210 2587; x_wconf 92' lang='lat' dir='ltr'><em>Non</em></span> <span class='ocrx_word' id='word_1_329' title='bbox 243 2541 600 2600; x_wconf 87' lang='lat' dir='ltr'><em>intellegentes</em></span> <span class='ocrx_word' id='word_1_330' title='bbox 633 2544 803 2588; x_wconf 90' lang='lat' dir='ltr'><em>autem</em></span> <span class='ocrx_word' id='word_1_331' title='bbox 830 2542 952 2600; x_wconf 91' lang='lat' dir='ltr'><em>quid</em></span> <span class='ocrx_word' id='word_1_332' title='bbox 985 2543 1261 2589; x_wconf 89' lang='lat' dir='ltr'><em>scriberent</em></span> <span class='ocrx_word' id='word_1_333' title='bbox 1293 2555 1449 2601; x_wconf 89' lang='lat' dir='ltr'><em>saepe</em></span> <span class='ocrx_word' id='word_1_334' title='bbox 1482 2543 1533 2589; x_wconf 91' lang='lat' dir='ltr'><em>in</em></span> <span class='ocrx_word' id='word_1_335' title='bbox 1567 2544 1802 2602; x_wconf 85' lang='lat' dir='ltr'><em>legendis</em></span> 
     </span>
     <span class='ocr_line' id='line_1_40' title="bbox 95 2600 1801 2662; baseline 0.002 -16"><span class='ocrx_word' id='word_1_336' title='bbox 95 2600 269 2646; x_wconf 91' lang='lat' dir='ltr'><em>litteris</em></span> <span class='ocrx_word' id='word_1_337' title='bbox 296 2603 346 2647; x_wconf 91' lang='lat' dir='ltr'><em>et</em></span> <span class='ocrx_word' id='word_1_338' title='bbox 370 2601 422 2647; x_wconf 92' lang='lat' dir='ltr'><em>in</em></span> <span class='ocrx_word' id='word_1_339' title='bbox 447 2601 746 2660; x_wconf 89' lang='lat' dir='ltr'><em>separandis</em></span> <span class='ocrx_word' id='word_1_340' title='bbox 762 2602 978 2648; x_wconf 92' lang='lat' dir='ltr'><em>vocibus</em></span> <span class='ocrx_word' id='word_1_341' title='bbox 1004 2602 1316 2661; x_wconf 90' lang='lat' dir='ltr'><em>syllabisque</em></span> <span class='ocrx_word' id='word_1_342' title='bbox 1335 2606 1640 2656; x_wconf 86' lang='lat' dir='ltr'><em>erraverunt,</em></span> <span class='ocrx_word' id='word_1_343' title='bbox 1668 2616 1801 2662; x_wconf 86' lang='lat' dir='ltr'><em>quae</em></span> 
     </span>
     <span class='ocr_line' id='line_1_41' title="bbox 97 2658 1801 2721; baseline 0.002 -15"><span class='ocrx_word' id='word_1_344' title='bbox 97 2671 251 2706; x_wconf 84' lang='lat' dir='ltr'><em>causa</em></span> <span class='ocrx_word' id='word_1_345' title='bbox 282 2658 373 2706; x_wconf 77' lang='lat' dir='ltr'><em>tuit</em></span> <span class='ocrx_word' id='word_1_346' title='bbox 405 2661 676 2707; x_wconf 90' lang='lat' dir='ltr'><em>multorum</em></span> <span class='ocrx_word' id='word_1_347' title='bbox 710 2662 1027 2708; x_wconf 89' lang='lat' dir='ltr'><em>mendorum.</em></span> <span class='ocrx_word' id='word_1_348' title='bbox 1084 2661 1311 2715; x_wconf 90' lang='lat' dir='ltr'><em>Quorum</em></span> <span class='ocrx_word' id='word_1_349' title='bbox 1344 2666 1539 2721; x_wconf 87' lang='lat' dir='ltr'><em>partem</em></span> <span class='ocrx_word' id='word_1_350' title='bbox 1572 2663 1624 2709; x_wconf 89' lang='lat' dir='ltr'><em>in</em></span> <span class='ocrx_word' id='word_1_351' title='bbox 1657 2667 1699 2709; x_wconf 83' lang='lat' dir='ltr'>A</span> <span class='ocrx_word' id='word_1_352' title='bbox 1732 2663 1801 2710; x_wconf 86' lang='lat' dir='ltr'><em>al-</em></span> 
     </span>
     <span class='ocr_line' id='line_1_42' title="bbox 93 2721 1801 2774; baseline 0.003 -10"><span class='ocrx_word' id='word_1_353' title='bbox 93 2722 199 2764; x_wconf 85' lang='lat' dir='ltr'><em>tera</em></span> <span class='ocrx_word' id='word_1_354' title='bbox 225 2733 405 2766; x_wconf 87' lang='lat' dir='ltr'><em>manus</em></span> <span class='ocrx_word' id='word_1_355' title='bbox 431 2721 666 2774; x_wconf 88' lang='lat' dir='ltr'><em>correxit;</em></span> <span class='ocrx_word' id='word_1_356' title='bbox 693 2733 796 2768; x_wconf 92' lang='lat' dir='ltr'><em>non</em></span> <span class='ocrx_word' id='word_1_357' title='bbox 822 2724 994 2768; x_wconf 89' lang='lat' dir='ltr'><em>tamen</em></span> <span class='ocrx_word' id='word_1_358' title='bbox 1021 2725 1271 2769; x_wconf 91' lang='lat' dir='ltr'><em>corrector</em></span> <span class='ocrx_word' id='word_1_359' title='bbox 1295 2723 1346 2768; x_wconf 92' lang='lat' dir='ltr'><em>in</em></span> <span class='ocrx_word' id='word_1_360' title='bbox 1374 2735 1435 2769; x_wconf 84' lang='lat' dir='ltr'><em>ea</em></span> <span class='ocrx_word' id='word_1_361' title='bbox 1459 2735 1512 2768; x_wconf 92' lang='lat' dir='ltr'><em>re</em></span> <span class='ocrx_word' id='word_1_362' title='bbox 1539 2734 1602 2769; x_wconf 92' lang='lat' dir='ltr'><em>eo</em></span> <span class='ocrx_word' id='word_1_363' title='bbox 1630 2735 1801 2769; x_wconf 86' lang='lat' dir='ltr'><em>exem-</em></span> 
     </span>
     <span class='ocr_line' id='line_1_43' title="bbox 93 2779 1798 2850; baseline 0.002 -26"><span class='ocrx_word' id='word_1_364' title='bbox 93 2779 218 2837; x_wconf 87' lang='lat' dir='ltr'><em>plari</em></span> <span class='ocrx_word' id='word_1_365' title='bbox 250 2792 372 2826; x_wconf 91' lang='lat' dir='ltr'><em>usus</em></span> <span class='ocrx_word' id='word_1_366' title='bbox 406 2782 495 2836; x_wconf 81' lang='lat' dir='ltr'><em>est,</em></span> <span class='ocrx_word' id='word_1_367' title='bbox 529 2792 593 2831; x_wconf 83' lang='lat' dir='ltr'><em>ex</em></span> <span class='ocrx_word' id='word_1_368' title='bbox 626 2792 727 2850; x_wconf 87' lang='lat' dir='ltr'><em>quo</em></span> <span class='ocrx_word' id='word_1_369' title='bbox 757 2785 799 2829; x_wconf 83' lang='lat' dir='ltr'>A</span> <span class='ocrx_word' id='word_1_370' title='bbox 833 2781 1113 2840; x_wconf 88' lang='lat' dir='ltr'><em>descriptus</em></span> <span class='ocrx_word' id='word_1_371' title='bbox 1148 2785 1237 2836; x_wconf 89' lang='lat' dir='ltr'><em>est,</em></span> <span class='ocrx_word' id='word_1_372' title='bbox 1271 2783 1363 2829; x_wconf 90' lang='lat' dir='ltr'><em>sed</em></span> <span class='ocrx_word' id='word_1_373' title='bbox 1389 2785 1476 2828; x_wconf 90' lang='lat' dir='ltr'><em>aut</em></span> <span class='ocrx_word' id='word_1_374' title='bbox 1501 2782 1681 2829; x_wconf 91' lang='lat' dir='ltr'><em>codice</em></span> <span class='ocrx_word' id='word_1_375' title='bbox 1707 2783 1798 2828; x_wconf 80' lang='lat' dir='ltr'><em>mi-</em></span> 
     </span>
     <span class='ocr_line' id='line_1_44' title="bbox 92 2839 1794 2945; baseline 0.002 -61"><span class='ocrx_word' id='word_1_376' title='bbox 92 2839 357 2945; x_wconf 57' lang='lat' dir='ltr'><em>nustbq?o</em></span> <span class='ocrx_word' id='word_1_377' title='bbox 392 2842 478 2887; x_wconf 84' lang='lat' dir='ltr'><em>aut</em></span> <span class='ocrx_word' id='word_1_378' title='bbox 509 2852 602 2886; x_wconf 88' lang='lat' dir='ltr'><em>suo</em></span> <span class='ocrx_word' id='word_1_379' title='bbox 636 2840 840 2899; x_wconf 78' lang='lat' dir='ltr'><em>mdicio,</em></span> <span class='ocrx_word' id='word_1_380' title='bbox 874 2843 928 2891; x_wconf 87' lang='lat' dir='ltr'><em>ut</em></span> <span class='ocrx_word' id='word_1_381' title='bbox 951 2854 1055 2892; x_wconf 91' lang='lat' dir='ltr'><em>non</em></span> <span class='ocrx_word' id='word_1_382' title='bbox 1081 2854 1271 2903; x_wconf 83' lang='lat' dir='ltr'><em>magna</em></span> <span class='ocrx_word' id='word_1_383' title='bbox 1295 2841 1358 2887; x_wconf 92' lang='lat' dir='ltr'><em>sit</em></span> <span class='ocrx_word' id='word_1_384' title='bbox 1383 2841 1587 2890; x_wconf 87' lang='lat' dir='ltr'><em>alterius</em></span> <span class='ocrx_word' id='word_1_385' title='bbox 1613 2855 1794 2891; x_wconf 89' lang='lat' dir='ltr'><em>manus</em></span> 
     </span>
     <span class='ocr_line' id='line_1_45' title="bbox 94 2909 380 2952; baseline -0.003 -6"><span class='ocrx_word' id='word_1_386' title='bbox 94 2909 190 2948; x_wconf 72' lang='lat' dir='ltr'><em>auc</em></span> <span class='ocrx_word' id='word_1_387' title='bbox 213 2910 286 2944; x_wconf 81' lang='lat' dir='ltr'><em>ori</em></span> <span class='ocrx_word' id='word_1_388' title='bbox 311 2911 380 2952; x_wconf 65' lang='grc' dir='ltr'><em>ἃς,</em></span> 
     </span>
    </p>
   </div>
  </div>
 </body>
</html>
