2046 3138
115 1548 171 1587 56

204 140 274 191 58
632 134 717 179 DE
750 133 1004 180 lessus
1038 133 1188 181 BON.
1222 134 1300 180 ET
1333 134 1486 182 MAL.
1601 140 1746 183 mun
1763 141 1989 183 c.17-18

204 289 375 337 pune;
410 275 532 338 quis
560 276 705 343 enim
731 275 1120 339 redargueret?
1167 289 1332 327 nemo
1358 280 1604 327 nostrum
1632 277 1900 337 credebat,

205 354 428 412 eratque
474 351 589 400 veri
637 349 867 400 similius
915 350 1061 399 hunc
1108 351 1336 409 mentiri,
1392 351 1546 400 cuius
1602 352 1900 412 interesset,

207 438 372 486 quam
407 423 574 483 illum,
610 425 702 487 qui
729 424 783 474 id
810 438 869 474 se
902 438 1128 488 rogasse
1154 425 1473 487 scripsisset,
1507 426 1657 488 quod
1684 426 1901 477 debuis-

204 502 287 548 set
319 512 526 562 rogare.
590 499 831 549 addebat
872 499 1035 549 etiam
1077 513 1137 549 se
1178 500 1231 548 in
1273 499 1452 563 legem
1484 499 1791 551 Voconiam
1824 502 1902 551 iu-

203 577 377 622 ratum
413 578 600 623 contra
633 587 756 624 eam
789 573 965 624 facere
998 588 1110 624 non
1137 574 1355 632 audere,
1387 574 1493 624 nisi
1525 574 1678 625 aliter
1710 576 1898 626 amicis
1947 587 1970 621 5

203 647 490 698 videretur.
527 647 818 698 aderamus
836 662 939 699 nos
959 648 1182 711 quidem
1201 648 1597 708 adolescenteS‚
1623 649 1720 700 sed
1747 649 1901 700 multi

206 721 532 784 amplissimi
555 723 670 781 viri,
706 737 940 785 quorum
966 735 1130 773 nemo
1157 724 1369 773 censuit
1394 723 1516 786 plus
1543 722 1744 774 Fadiae
1771 724 1902 774 dan-

206 796 352 855 dum,
406 811 572 859 quam
618 802 806 859 posset
849 797 920 847 ad
967 810 1088 847 eam
1140 797 1264 860 lege
1307 797 1557 848 Voconia
1591 801 1901 860 pervenire.

203 872 376 920 tenuit
416 885 774 935 permagnam
808 870 1064 922 Sextilius
1111 872 1482 931 hereditatem,
1527 873 1689 931 unde,
1734 874 1779 923 si
1820 887 1903 923 se-

204 950 359 995 cutus
410 951 554 996 esset
600 960 789 997 eorum
838 948 1180 1005 sententiam,
1238 948 1330 1010 qui
1379 947 1612 997 honesta
1657 952 1709 998 et
1756 953 1901 998 recta
1927 959 1970 994 10

205 1019 589 1070 emolumentis
617 1021 873 1073 omnibus
901 1026 953 1071 et
979 1021 1285 1072 commodis
1309 1026 1720 1083 anteponerent,
1747 1037 1902 1072 num-

204 1109 354 1143 mum
388 1095 599 1145 nullum
632 1097 914 1159 attigisset.
970 1110 1102 1145 num
1136 1097 1296 1159 igitur
1322 1110 1448 1146 eum
1482 1101 1677 1158 postea
1710 1111 1902 1147 censes

203 1170 367 1219 anxio
402 1171 587 1220 animo
621 1175 715 1220 aut
755 1170 988 1221 sollicito
1022 1170 1228 1222 fuisse?
1290 1170 1423 1220 nihil
1457 1172 1653 1230 minuS‚
1695 1176 1903 1221 contra-

203 1257 311 1306 que
344 1243 437 1293 illa
462 1245 761 1295 hereditate
788 1245 943 1296 dives
971 1245 1042 1296 ob
1071 1259 1305 1308 eamque
1330 1259 1443 1295 rem
1474 1245 1664 1296 laetus,
1714 1246 1902 1309 magni

204 1319 349 1367 enim
375 1319 702 1369 aestimabat
728 1320 1019 1382 pecuniam
1045 1334 1157 1370 non
1183 1319 1352 1370 modo
1379 1334 1491 1370 non
1519 1325 1707 1370 contra
1733 1320 1900 1383 leges,
1929 1332 1972 1366 15

204 1392 302 1442 sed
338 1394 502 1443 etiam
535 1393 750 1457 legibus
785 1399 1008 1457 partam.
1066 1408 1208 1457 quae
1244 1394 1466 1456 quidem
1491 1394 1580 1444 vel
1615 1409 1738 1444 cum
1767 1396 1903 1456 peri-

205 1466 328 1518 culo
364 1472 446 1518 est
479 1469 795 1531 quaerenda
825 1470 1009 1528 vobis;
1044 1474 1125 1519 est
1159 1470 1303 1519 enim
1339 1469 1576 1519 effectrix
1610 1469 1902 1519 multarum

206 1546 258 1591 et
296 1556 620 1606 magnarum
653 1543 1016 1606 voluptatum.
1072 1548 1131 1593 ut
1163 1544 1324 1607 igitur
1364 1543 1483 1601 illis,
1525 1545 1632 1606 qui,
1674 1549 1819 1594 recta
1852 1548 1904 1594 et

204 1615 438 1667 honesta
471 1632 613 1680 quae
646 1623 785 1676 sunt,
828 1632 893 1668 ea
926 1623 1169 1668 statuunt
1209 1632 1304 1680 per
1345 1632 1404 1668 se
1447 1618 1769 1680 expetenda,
1811 1619 1904 1668 ad-

204 1691 387 1740 eunda
412 1697 538 1741 sunt
570 1707 737 1755 saepe
771 1693 1010 1755 pericula
1035 1693 1246 1743 decoris
1272 1692 1687 1755 honestatisque
1722 1707 1902 1751 causa,
1926 1704 1971 1739 20

203 1766 281 1814 sic
327 1767 535 1825 vestriS‚
592 1768 684 1830 qui
741 1769 927 1820 omnia
973 1767 1257 1830 voluptate
1306 1768 1613 1826 metiuntur,
1662 1763 1903 1829 pericula

203 1839 461 1890 adeunda
506 1846 646 1899 sunt,
693 1846 751 1891 ut
790 1842 1160 1904 adipiscantur
1200 1855 1430 1904 magnas
1471 1841 1799 1903 voluptates
1857 1843 1901 1891 si

204 1919 406 1977 magna
438 1929 537 1973 res,
577 1930 781 1979 magna
813 1916 1085 1966 hereditas
1129 1921 1333 1979 agetur,
1375 1930 1499 1966 cum
1541 1917 1775 1977 pecunia
1806 1930 1902 1966 vo-

204 1988 440 2051 luptates
479 1991 760 2052 pariantur
801 1990 1080 2052 plurimae,
1126 1991 1272 2041 idem
1315 1991 1412 2041 erit
1444 1990 1674 2052 Epicuro
1717 1995 1900 2040 vestro

203 2062 529 2123 faciendum,
571 2066 616 2114 si
649 2079 811 2114 suum
844 2065 1011 2116 finem
1044 2066 1316 2115 bonorum
1349 2066 1506 2127 sequi
1538 2064 1703 2122 volet,
1747 2065 1898 2128 quod
1923 2076 1968 2110 25

204 2136 447 2200 Scipioni
494 2153 697 2202 magna
745 2139 919 2203 gloria
967 2140 1262 2202 proposita,
1320 2141 1365 2189 si
1422 2139 1789 2189 Hannibalem
1846 2140 1900 2189 in

202 2210 437 2262 Africam
479 2214 800 2264 retraxisset.
871 2215 1056 2277 itaque
1102 2219 1367 2276 quantum
1413 2214 1546 2263 adiit
1578 2213 1900 2275 periculum!

205 2286 275 2335 ad
310 2287 656 2338 honestatem
699 2290 844 2338 enim
885 2288 1038 2338 illum
1081 2303 1303 2339 omnem
1338 2293 1596 2339 conatum
1629 2302 1790 2337 suum
1823 2302 1903 2337 re-

204 2360 423 2420 ferebat,
456 2376 569 2413 non
603 2363 672 2412 ad
705 2362 1061 2426 voluptatem.
1118 2364 1196 2413 sic
1227 2368 1406 2413 vester
1439 2363 1661 2425 sapiens
1694 2375 1900 2425 magno

201 2434 387 2497 aliquo
423 2436 798 2488 emolumento
833 2442 1141 2488 commotus
1184 2438 1372 2496 cicuta,
1413 2437 1458 2486 si
1492 2451 1633 2499 opus
1667 2436 1778 2494 erit,
1823 2436 1900 2486 di·
1923 2448 1968 2482 30

118 2514 173 2554 57
209 2509 444 2560 micabit.
502 2511 776 2561 occultum
809 2512 1019 2562 facinus
1054 2526 1175 2562 esse
1209 2512 1457 2574 potuerit,
1491 2510 1776 2574 gaudebit;
1809 2511 1901 2560 de-

207 2583 510 2645 prehensus
557 2600 777 2636 omnem
824 2600 1062 2649 poenam
1108 2590 1434 2637 contemnet.
1498 2586 1595 2636 erit
1637 2585 1782 2635 enim
1823 2586 1901 2634 in-

206 2662 437 2709 structus
490 2659 560 2710 ad
613 2665 843 2711 mortem
897 2661 1373 2719 contemnendam,
1426 2660 1496 2710 ad
1546 2659 1781 2717 exilium,
1828 2659 1899 2708 ad

295 2775 353 2816 20
384 2787 500 2827 sepe
524 2776 621 2825 BE,
654 2789 740 2819 ceu
773 2774 928 2828 (cortu,
962 2781 1017 2819 ut
1040 2780 1238 2828 videtur,
1272 2790 1327 2819 ex
1350 2774 1452 2828 seu)
1485 2775 1527 2818 A
1559 2787 1642 2817 sue
1666 2775 1704 2816 R
1736 2777 1900 2825 queuis

205 2829 275 2882 (ἰη
308 2846 402 2877 ras.
436 2838 731 2887 angustioris
763 2835 930 2889 spatii)
963 2838 1004 2878 N
1037 2849 1128 2888 que
1158 2839 1228 2878 vis
1251 2837 1293 2880 V
1413 2836 1470 2877 24
1501 2836 1624 2877 idem
1657 2835 1757 2876 cod.
1789 2835 1899 2876 Bas.

204 2905 477 2959 Goerenzii,·
501 2911 720 2961 idemque
797 2911 854 2952 30
880 2913 1028 2952 cicuta
1044 2911 1114 2953 Se.
1141 2923 1242 2952 cum
1269 2922 1410 2953 causa
1432 2908 1613 2950 ABEN
1643 2901 1673 2952 ‘o‘
1697 2892 1751 2951 c‘a
1778 2909 1816 2950 R
1839 2907 1899 2952 c—u

199 2963 260 3010 οἶ
284 2966 326 3008 V
419 2966 517 3019 erit]
551 2969 684 3011 fuerit
714 2970 753 3012 R
862 2971 914 3012 31
949 2972 1061 3022 fort.
1095 2972 1364 3022 leyendum:
1394 2969 1572 3011 facinus
1604 2969 1642 3009 si
1675 2979 1780 3012 esse
