2046 3138
97 534 154 575 34

98 1461 154 1502 35

191 136 294 186 172
428 166 430 168 -
609 128 695 175 DE
726 128 981 176 FINIBUS
1012 128 1170 204 ΒΟΝ.7
1195 129 1275 176 ET
1307 129 1459 176 MAL.
1572 134 1962 178 Lib.Vc.11—13

185 279 365 317 rerum
395 266 468 316 ad
500 270 755 317 naturam
785 266 1328 318 accommodatarum
1358 268 1739 331 ingeneratum
1772 283 1873 332 pu·

185 345 440 391 taverunt
467 340 741 399 omnibus,
770 341 900 404 quia
926 341 1274 392 continentur
1298 355 1365 392 ea
1393 342 1872 394 commendatione

184 419 429 472 naturae,
467 428 577 477 qua
615 428 674 466 se
708 415 816 478 ipsi
853 414 1106 479 diligunt.

103 463 167 512 ¹2
257 487 531 551 Deinceps
587 488 892 539 videndum
950 495 1048 548 est,
1106 490 1367 553 quoniam
1424 490 1559 542 satis
1618 495 1869 554 apertum

184 567 268 613 est
299 562 404 613 sibi
437 575 711 626 quemque
741 568 940 614 natura
968 577 1092 615 esse
1125 577 1326 622 carum,
1358 578 1499 627 quae
1531 565 1601 616 sit
1631 564 1872 616 hominis
1919 581 1942 615 5

183 641 397 688 natura.
444 636 501 687 id
551 642 636 688 est
682 637 844 695 enim,
892 637 962 689 de
1011 651 1121 701 quo
1170 639 1501 701 quaerimus.
1548 639 1701 702 atqui
1751 652 1872 702 per-

185 710 438 773 spicuum
479 716 564 762 est
603 710 883 763 hominem
923 725 954 763 e
994 725 1224 775 corpore
1265 713 1562 776 animoque
1587 719 1870 771 constare,

185 798 308 835 cum
364 785 575 848 primae
631 786 741 837 sint
793 785 963 836 animi
1017 791 1218 850 partes,
1275 787 1552 838 secundae
1607 788 1870 851 corporis,

186 858 387 910 deinde
427 859 484 910 id
527 873 748 923 quoque
786 859 1058 919 videmuS,
1098 866 1152 912 et
1192 861 1270 912 ita
1309 860 1612 924 figuratum
1654 875 1871 925 corpus,

185 938 246 984 ut
291 932 526 985 excellat
573 933 713 992 aliis,
761 934 1118 998 animumque
1163 935 1242 986 ita
1290 936 1665 994 constitutum,
1713 941 1773 987 ut
1820 941 1874 987 et
1900 953 1942 988 ιο

186 1007 441 1058 sensibus
473 1007 775 1060 instructus
809 1009 880 1060 sit
910 1014 964 1060 et
994 1009 1197 1060 habeat
1230 1010 1626 1072 praestantiam
1658 1011 1873 1068 mentis,

186 1082 272 1132 cui
314 1086 433 1133 tota
473 1081 714 1133 hominis
753 1087 953 1134 natura
993 1089 1199 1146 pareat,
1242 1084 1298 1134 in
1341 1098 1450 1147 qua
1491 1084 1561 1135 sit
1602 1084 1871 1135 mirabilis

186 1155 460 1218 quaedam
497 1156 583 1207 vis
621 1157 852 1208 rationis
888 1162 942 1209 et
978 1158 1311 1221 cognitionis
1358 1163 1413 1209 et
1459 1159 1720 1209 scientiae
1765 1159 1876 1209 vir-

183 1235 473 1299 tutumque
517 1231 781 1282 omnium.
847 1231 957 1282 iam
1001 1245 1143 1294 quae
1187 1232 1435 1295 corporis
1477 1238 1620 1291 sunt,
1663 1246 1729 1283 ea
1774 1246 1876 1283 nec

183 1304 569 1356 auctoritatem
602 1318 725 1356 cum
756 1305 925 1356 animi
957 1305 1208 1369 partibus
1240 1306 1672 1369 comparandam
1702 1311 1756 1358 et
1786 1320 1875 1357 co·
1900 1325 1943 1360 15

183 1379 489 1441 gnitionem
520 1378 726 1430 habent
756 1378 1079 1431 faciliorem.
1143 1380 1330 1443 itaque
1359 1380 1430 1430 ab
1459 1380 1545 1431 his
1575 1380 1874 1431 ordiamur.

259 1453 520 1517 Corporis
546 1455 715 1518 igitur
740 1455 914 1506 nostri
941 1461 1127 1519 partes
1151 1460 1379 1519 totaque
1406 1455 1591 1519 figura
1615 1462 1669 1508 et
1693 1456 1875 1507 forma

186 1533 240 1580 et
275 1533 488 1593 statura
524 1542 690 1592 quam
725 1534 858 1592 apta
891 1529 963 1580 ad
999 1535 1254 1581 naturam
1291 1531 1375 1589 sit,
1411 1536 1658 1594 apparet,
1693 1544 1873 1594 neque

183 1607 268 1653 est
298 1602 545 1661 dubium,
576 1603 707 1665 quin
738 1603 910 1662 frons,
941 1603 1101 1662 oculi,
1130 1617 1293 1655 aures
1322 1609 1377 1655 et
1410 1603 1653 1667 reliquae
1689 1610 1873 1668 partes

186 1676 378 1740 quales
423 1678 682 1740 propriae
727 1678 837 1730 sint
878 1677 1119 1730 hominis
1161 1678 1528 1742 intellegatur.
1586 1679 1684 1730 sed
1730 1685 1872 1731 certe
1897 1696 1943 1731 20

186 1764 330 1814 opus
362 1756 446 1803 est
479 1765 546 1803 ea
575 1751 763 1804 valere
793 1757 848 1804 et
879 1752 1069 1816 vigere
1100 1757 1154 1804 et
1185 1753 1466 1804 naturales
1499 1758 1684 1805 motus
1711 1767 1872 1804 usus-

186 1838 292 1888 que
341 1825 560 1884 habere,
611 1831 672 1877 ut
719 1839 822 1877 nec
868 1826 1014 1878 absit
1067 1827 1199 1890 quid
1249 1840 1441 1878 eorum
1490 1841 1593 1878 nec
1641 1840 1870 1890 aegrum

186 1899 606 1951 debilitatumve
634 1900 729 1958 sit;
758 1899 815 1950 id
843 1900 989 1951 enim
1015 1906 1218 1952 natura
1244 1901 1538 1952 desiderat.
1575 1906 1660 1952 est
1686 1906 1871 1952 autem

185 1973 351 2038 etiam
390 1974 535 2025 actio
576 1973 851 2037 quaedam
891 1975 1155 2037 corporis,
1194 1989 1336 2038 quae
1374 1980 1561 2027 motus
1599 1981 1654 2026 et
1693 1980 1871 2027 status

184 2052 415 2099 naturae
440 2049 795 2111 congruentis
821 2053 993 2107 tenet;
1018 2049 1073 2099 in
1098 2049 1299 2112 quibus
1325 2049 1371 2100 si
1396 2055 1651 2112 peccetur
1674 2049 1872 2101 distor-
1895 2067 1940 2102 25

185 2121 334 2174 tione
373 2127 427 2173 et
468 2122 867 2186 depravatione
906 2122 1148 2186 quadam
1187 2128 1283 2175 aut
1322 2126 1477 2174 ‘motu
1517 2129 1736 2176 statuve
1776 2124 1871 2175 de-

186 2195 366 2254 formi,
392 2201 453 2248 ut
481 2196 527 2248 si
553 2201 649 2247 aut
674 2196 930 2248 manibus
957 2196 1301 2261 ingrediatur
1326 2198 1449 2260 quis
1473 2203 1570 2249 aut
1594 2212 1707 2249 non
1728 2203 1870 2261 ante,

186 2269 281 2320 sed
314 2275 475 2329 retro,
507 2269 702 2334 fugere
731 2270 896 2334 plane
926 2284 985 2322 se
1015 2272 1136 2334 ipse
1165 2276 1218 2323 et
1246 2271 1526 2323 hominem
1555 2285 1624 2323 ex
1648 2272 1870 2323 homine

185 2357 393 2395 exuens
426 2349 681 2395 naturam
716 2344 904 2396 odisse
936 2344 1207 2397 videatur.
1252 2359 1416 2408 quam
1452 2345 1524 2396 ob
1556 2359 1670 2397 rem
1703 2346 1869 2398 etiam

186 2417 464 2469 sessiones
512 2418 786 2481 quaedam
833 2424 888 2470 et
933 2418 1066 2470 flexi
1112 2418 1381 2482 fractique
1429 2425 1629 2477 motus,
1676 2419 1868 2482 quales
1894 2438 1940 2473 30

185 2496 569 2554 protervorum
606 2492 892 2544 hominum
931 2498 1027 2544 aut
1063 2493 1312 2544 mollium
1350 2507 1472 2544 esse
1511 2493 1705 2552 solent,
1743 2507 1870 2545 con-

185 2570 270 2616 tra
306 2570 561 2617 naturam
603 2571 746 2625 sunt,
784 2572 858 2625 ut,
898 2567 1114 2619 etiamsi
1154 2567 1323 2618 animi
1362 2568 1498 2618 vitio
1536 2567 1593 2618 id
1633 2568 1866 2630 eveniat,

256 2723 283 2763 2
316 2723 426 2772 quia
448 2723 567 2764 Dav.
594 2724 672 2772 qui
797 2723 851 2764 10
883 2723 984 2764 aliis
1090 2725 1385 2765 constitutum
1417 2735 1508 2766 om.
1531 2723 1567 2765 E
1658 2733 1749 2772 que
1780 2734 1870 2764 om.

181 2781 219 2821 B
356 2781 410 2822 14
450 2782 539 2823 iam
578 2777 788 2834 ((αρίἰιιε
816 2783 1120 2824 scriberetur:
1159 2784 1248 2823 iam
1286 2794 1406 2833 quae
1441 2777 1569 2832 cet.’)
1599 2783 1723 2823 Mdv.
1763 2792 1869 2821 nam

256 2840 314 2880 20
345 2842 436 2881 sint
466 2842 623 2882 Lamb.
658 2838 727 2891 (in
760 2843 885 2883 curis
916 2838 1181 2892 secundis),·
1213 2846 1319 2883 sunt
1412 2841 1469 2883 26
1501 2837 1595 2889 aut]
1628 2851 1682 2881 ac
1714 2839 1798 2881 BE

182 2898 239 2938 28
272 2910 329 2940 ex
353 2900 541 2942 homine
566 2911 741 2942 exuens
765 2895 924 2942 RN²V
948 2911 1124 2942 exuens
1150 2897 1259 2950 (om.
1284 2912 1341 2943 ex
1365 2897 1573 2951 homine)
1606 2894 1671 2940 Ν1
1694 2910 1869 2942 exuens

183 2967 239 2998 ex
270 2958 459 3000 homine
489 2959 573 3001 BE
1239 2977 1242 2979 ·
