2046 3138
12 49 13 92 l

70 120 105 172 5
130 120 305 163 91—95
584 114 669 160 DE
703 112 956 159 FINIBUS
990 111 1140 159 BON.
1174 113 1252 158 ET
1286 111 1439 159 MAL.
1794 121 1863 170 75

10 221 11 281 ξ
165 263 219 309 et
252 256 415 320 plane
445 257 554 307 diu.
580 269 721 319 quos
752 254 856 313 ille,
887 254 941 304 di
967 254 1297 313 inmortaleS,
1335 268 1460 304 cum
1494 268 1688 305 omnes
1717 259 1864 304 artus

164 332 354 382 ardere
371 331 697 388 viderentur,
724 330 991 380 cruciatus
1012 328 1335 392 perferebat!
1377 343 1480 379 nec
1498 333 1682 379 tamen
1701 330 1865 379 miser

166 421 303 465 esse,
345 407 476 468 quia
508 419 786 455 summum
821 404 875 454 id
910 404 1115 453 malum
1149 418 1261 455 non
1297 409 1423 462 erat,
1457 408 1667 453 tantum
1694 403 1863 454 modo

165 481 474 532 laboriosus
499 479 809 538 videbatur3
842 484 897 529 at
921 480 1097 538 miser,
1132 479 1176 528 si
1204 480 1257 528 in
1285 478 1560 542 flagitiosa
1586 482 1638 529 et
1666 479 1867 529 vitiosa

115 566 140 601 5
162 557 276 606 vita
309 554 556 605 afflueret
587 554 980 616 voluptatibus,

239 628 404 684 Quod
438 634 622 680 autem
657 642 919 691 magnum
947 628 1194 679 dolorem
1225 628 1464 686 brevem,
1499 628 1864 691 longinquum

162 704 342 755 levem
370 717 492 754 esse
510 703 702 761 dicitis,
728 703 782 753 id
808 717 921 754 non
947 703 1207 766 intellego
1228 702 1391 766 quale
1409 704 1491 753 sit.
1531 702 1697 753 video
1718 703 1864 752 enim

164 784 217 830 et
241 791 477 841 magnos
504 783 557 828 et
583 778 811 828 eosdem
838 778 982 828 bene
1007 778 1342 842 longinquos
1369 776 1604 835 doloreS‚
1630 790 1863 839 quorum

161 853 270 903 alia
302 852 551 903 toleratio
595 857 677 903 est
707 853 900 910 verior,
942 866 1052 915 qua
1091 854 1168 902 uti
1200 866 1303 903 vos
1336 866 1449 902 non
1484 852 1728 914 potestis,
1772 852 1865 914 qui

90 937 139 974 10
162 928 509 979 honestatem
535 929 714 990 ipsam
740 941 835 989 per
859 941 920 977 se
946 941 1058 978 non
1085 928 1295 978 amatis,
1344 926 1673 977 fortitudinis
1700 939 1866 989 quae-

162 1002 290 1052 dam
334 1006 626 1064 praecepta
665 1007 793 1051 sunt
832 1015 896 1051 ac
942 1016 1120 1064 paene
1163 1002 1330 1065 legeS,
1376 1015 1519 1064 quae
1565 1000 1864 1051 effeminari

160 1078 338 1127 virum
370 1081 560 1127 vetant
591 1078 645 1127 in
680 1076 886 1127 dolore.
942 1090 1108 1139 quam
1135 1076 1208 1127 ob
1233 1081 1348 1126 rem
1375 1081 1530 1138 turpe
1558 1075 1863 1144 putandum

163 1156 259 1210 est,
292 1165 405 1202 non
440 1151 564 1202 dico
607 1151 795 1202 dolere
829 1177 898 1183 -
931 1165 1061 1201 nam
1102 1151 1158 1201 id
1200 1151 1425 1214 quidem
1472 1155 1554 1200 est
1594 1150 1865 1200 interdum

160 1240 390 1277 necesse
424 1251 509 1286 -‚
549 1226 647 1277 sed
691 1239 885 1275 saxum
919 1226 1053 1275 illud
1095 1226 1382 1276 Lemnium
1416 1225 1654 1275 clamore
1688 1225 1867 1275 Philo-

90 1311 138 1347 15
163 1306 339 1351 cteteo
373 1300 663 1359 funestare,

1885 597 1955 646 29

1899 668 1956 709 94

315 1402 479 1459 Quod
514 1404 734 1464 eiulatu,
769 1406 982 1468 questu,
1015 1406 1238 1468 gemitu,
1270 1404 1572 1454 fremitibus

312 1478 647 1530 Resonando
682 1484 895 1529 mutum
928 1479 1141 1530 flebiles
1172 1481 1343 1531 voces
1376 1479 1547 1530 refert.

165 1584 306 1634 Huic
337 1584 600 1647 Epicurus
635 1590 965 1647 praecentet,
998 1586 1043 1635 si
1078 1588 1273 1647 potest,
1308 1585 1393 1633 cui

311 1683 427 1750 <Ε>
458 1690 709 1751 viperino
744 1690 930 1739 morsu
961 1703 1141 1739 venae
1172 1690 1446 1739 viscerum

91 1774 140 1809 20
311 1762 542 1814 Veneno
577 1763 802 1814 inbutae
835 1765 1036 1814 taetros
1070 1763 1337 1813 cruciatus
1372 1765 1534 1813 cient!

238 1867 328 1918 Sic
367 1867 651 1930 Epicurus:
697 1862 1032 1926 ‘Philocteta
1064 1870 1132 1918 st!
1182 1867 1362 1918 brevis
1396 1862 1587 1918 dolor.'
1651 1865 1723 1916 At
1755 1868 1863 1917 iam

162 1943 438 1994 decimum
472 1956 679 1992 annum
722 1943 776 1992 in
819 1942 1084 2005 spelunca
1124 1943 1278 1993 iacet.
1329 1937 1406 1992 ‘Si
1447 1941 1664 2006 longus,
1706 1941 1864 1999 levis;

162 2018 256 2068 dat
300 2018 446 2067 enim
491 2017 777 2068 intervalla
822 2022 875 2067 et
917 2012 1155 2067 relaxat.'
1230 2016 1468 2066 Primum
1521 2030 1635 2067 non
1679 2030 1863 2079 saepe..
1898 2037 1955 2077 95

161 2091 363 2142 deinde
396 2105 540 2155 quae
574 2096 656 2142 est
688 2093 791 2142 ista
815 2091 1092 2150 relaxatiO,
1127 2105 1250 2142 cum
1278 2096 1330 2142 et
1360 2092 1631 2154 praeteriti
1657 2090 1863 2142 doloris

92 2177 138 2213 25
162 2167 430 2217 memoria
462 2180 652 2217 recens
687 2171 769 2217 est
802 2171 855 2217 et
887 2166 1048 2216 futuri
1074 2170 1240 2229 atque
1272 2165 1622 2228 inpendentis
1648 2170 1866 2229 torquet

238 2299 258 2338 1
296 2302 341 2339 et
383 2299 520 2348 plane
563 2299 640 2339 diu
675 2310 792 2349 quos
823 2299 980 2340 Halm.
1022 2299 1160 2349 plane
1193 2302 1238 2340 et
1270 2300 1348 2340 diu
1389 2309 1508 2349 quos
1541 2299 1685 2347 dett.,·
1725 2298 1864 2348 plane

160 2369 294 2408 quos,
331 2361 446 2409 post
478 2359 615 2408 plane
647 2370 879 2410 superse-r.
916 2360 934 2398 l
962 2355 1038 2408 (=
1064 2356 1157 2409 vel)
1191 2359 1324 2405 duos,
1356 2357 1415 2405 R;
1462 2358 1601 2408 plane
1634 2358 1713 2398 diu
1746 2369 1864 2408 quos

160 2417 396 2458 ABENV
517 2419 562 2459 di
596 2418 633 2459 R
666 2419 729 2459 dii
761 2418 803 2459 A
836 2419 896 2469 dy
927 2418 1011 2459 BE
1044 2419 1103 2468 dij
1136 2418 1228 2459 NV
1349 2418 1377 2458 4
1409 2421 1455 2459 et
1487 2413 1650 2467 (etiam
1682 2414 1763 2468 Α)]
1798 2421 1860 2458 at-

160 2489 253 2527 que
284 2476 367 2517 BE
511 2477 538 2518 8
571 2475 782 2527 quorum]
818 2489 908 2528 que
940 2489 1035 2519 non
1067 2478 1106 2519 R
1253 2477 1307 2519 13
1340 2478 1567 2518 interdum
1600 2480 1671 2518 est
1702 2477 1745 2518 A

164 2537 218 2578 14
253 2537 535 2587 philocteteo
568 2531 634 2577 A²
675 2538 927 2587 philocteto
961 2531 1072 2579 A¹R
1117 2538 1371 2588 philoctere
1403 2537 1485 2578 BE
1526 2537 1792 2587 phyloctete
1824 2537 1865 2576 N

162 2597 398 2648 phylotete
415 2597 456 2638 V
540 2596 594 2637 16
619 2598 825 2638 heiulatu
848 2597 988 2638 ARN
1068 2596 1123 2637 18
1149 2599 1416 2647 praecentet
1439 2596 1523 2637 BE
1553 2594 1734 2647 fffirent
1758 2599 1803 2637 et
1827 2595 1865 2637 R

159 2659 206 2697 et
237 2655 334 2697 AN
344 2651 424 2703 ¹V‚
466 2660 511 2697 et
543 2652 880 2706 (competenter
912 2659 981 2698 ita
1015 2659 1065 2697 in·
1096 2668 1245 2707 mary.
1279 2658 1413 2706 add„
1448 2659 1502 2698 ut
1532 2658 1723 2708 leyatur
1753 2658 1865 2697 ante

159 2714 226 2766 et)
251 2710 315 2756 N²
403 2716 457 2757 19
490 2718 602 2758 add.
626 2717 728 2757 Bai.
823 2716 874 2756 21
904 2717 966 2758 st!
1000 2717 1151 2758 brevis
1177 2717 1309 2758 dolor
1331 2716 1456 2757 Mdv.
1489 2717 1528 2756 si
1554 2717 1705 2757 brevis
1733 2716 1864 2756 dolor

160 2775 276 2817 levis
301 2770 557 2817 ABERN¹
588 2777 626 2817 si
659 2777 811 2817 brevis
840 2776 971 2817 dolor
1003 2776 1120 2817 lenis
1145 2775 1187 2817 V
1218 2777 1257 2817 si
1289 2777 1441 2826 gravis
1467 2775 1599 2817 dolor
1625 2776 1777 2816 brevis
1800 2769 1865 2816 N²

160 2836 211 2876 in
242 2847 392 2886 Μαι-9.
518 2835 574 2876 22
607 2836 726 2877 lenis
758 2835 848 2877 AR
969 2835 1025 2875 24
1059 2833 1180 2885 cum]
1215 2846 1307 2885 que
1331 2834 1434 2882 BE;
1467 2836 1676 2886 fortasse
1708 2836 1863 2886 leyen-

160 2896 271 2936 dum
313 2896 556 2945 quoniam,
595 2897 651 2947 cf.
688 2898 754 2937 ad
781 2907 828 2947 p.
853 2899 919 2945 31,
943 2900 996 2936 25
1147 2895 1204 2935 25
1238 2895 1552 2944 impendentis
1584 2895 1675 2936 RN
1717 2895 1863 2944 impe‘

162 2953 330 2995 dientis
362 2954 403 2996 V
