2046 3138
0 0 2 82 1

51 114 80 166 §
105 116 280 157 85-88
557 111 643 157 DE
676 110 928 159 FINIBUS
962 110 1112 159 BON.
1145 111 1224 158 ET
1256 110 1408 159 MAL.
1732 120 1834 171 199

135 248 476 314 Archytam?
519 263 614 301 cur
647 249 720 301 ad
754 249 998 313 reliquos
1031 250 1427 315 Pythagoreos,
1463 250 1829 310 Echecratem,

137 322 439 383 Timaeum,
468 324 746 383 Arionem,
779 323 998 383 LocrOS,
1030 329 1104 383 ut,
1137 339 1260 376 cum
1293 324 1576 377 Socratem
1607 339 1830 389 expres-

137 398 315 457 sisset,
355 398 684 462 adiungeret
726 397 1202 463 Pythagoreorum
1246 399 1596 463 disciplinam
1637 413 1828 463 eaque,

135 486 277 536 quae
305 471 560 524 Socrates
590 472 936 536 repudiabat,
963 473 1316 525 addisceret?
1354 487 1450 525 cur
1478 475 1598 538 ipse
1627 474 1829 539 Pytha-

90 570 112 604 5
135 559 302 610 goras
327 552 382 598 et
406 547 726 612 Aegyptum
751 546 1009 599 lustravit
1034 552 1088 598 et
1115 548 1406 599 Persarum
1431 562 1630 612 magos
1651 548 1828 601 adiit?

135 635 230 671 cur
282 626 465 672 tantas
519 621 776 685 regiones
830 621 1191 673 barbarorum
1246 623 1484 686 pedibus
1538 623 1690 682 obiit,
1745 628 1828 675 tot

135 695 310 746 maria
349 696 693 747 transmisit?
745 709 840 747 cur
879 695 1016 747 haec
1055 697 1251 748 eadem
1294 697 1682 749 Democritus?
1735 699 1828 761 qui

135 798 199 804 —-
237 783 367 821 vere
410 769 642 828 falsone,
686 784 948 834 quaerere
991 771 1261 822 mittimus
1304 800 1367 807 —
1411 771 1610 823 dicitur
1648 772 1825 824 oculis

134 858 193 895 se
228 845 504 907 privasse;
541 846 700 904 certe,
734 850 796 896 ut
831 859 997 908 quam
1034 846 1259 897 minime
1294 847 1514 898 animus
1546 861 1580 897 a
1617 847 1826 910 cogita-

68 940 111 975 10
136 919 380 970 tionibus
410 919 790 978 abduceretur,
825 920 1218 982 patrimonium
1249 920 1508 984 neglexit,
1539 934 1705 984 agros
1738 920 1832 972 de-

136 993 307 1045 seruit
330 992 584 1053 incultOS,
611 993 744 1057 quid
770 1008 1041 1057 quaerens
1066 994 1219 1045 aliud
1245 995 1351 1046 nisi
1377 995 1549 1046 vitam
1569 995 1830 1047 beatam?

134 1081 299 1131 quam
331 1068 378 1119 si
410 1069 576 1120 etiam
607 1069 662 1119 in
693 1082 875 1119 rerum
909 1069 1225 1133 cognitione
1256 1069 1513 1133 ponebat,
1541 1075 1726 1121 tamen
1758 1084 1828 1122 ex

132 1141 228 1192 illa
263 1143 694 1206 investigatione
731 1148 963 1194 naturae
1001 1145 1264 1207 consequi
1301 1144 1540 1203 volebat,
1578 1144 1728 1195 bono
1765 1150 1826 1196 ut

131 1222 280 1268 esset
318 1217 520 1268 animo.
572 1216 630 1268 id
670 1218 816 1268 enim
857 1217 950 1269 ille
992 1232 1270 1269 summum
1312 1218 1519 1269 bonum
1549 1216 1830 1285 εὐθυμίαν

67 1312 109 1348 15
131 1296 186 1342 et
229 1305 397 1355 saepe
443 1288 731 1357 ἀθαμβίαν
776 1292 1038 1356 appellat,
1099 1292 1156 1343 id
1202 1298 1287 1344 est
1331 1294 1577 1344 animum
1620 1299 1827 1345 terrore

131 1365 381 1433 liberum.
426 1366 524 1420 sed
561 1366 699 1426 haec
731 1367 834 1418 etsi
870 1367 1166 1430 praeclare,
1201 1367 1451 1419 nondum
1486 1373 1671 1419 tamen
1705 1382 1826 1431 per-

132 1439 321 1503 polita.
371 1455 550 1504 pauca
588 1441 750 1500 enim,
788 1455 967 1505 neque
1005 1455 1072 1493 ea
1109 1443 1234 1505 ipsa
1272 1442 1572 1500 enucleate,
1608 1442 1679 1493 ab
1719 1443 1827 1494 hoc

134 1514 203 1566 de
235 1515 440 1567 virtute
477 1515 700 1579 quidem
737 1516 899 1567 dicta.
946 1522 1074 1579 post
1109 1517 1255 1567 enim
1291 1517 1428 1568 haec
1458 1518 1513 1567 in
1550 1517 1655 1568 hac
1689 1517 1825 1569 urbe

133 1589 372 1653 primum
397 1604 430 1640 a
457 1589 683 1642 Socrate
709 1592 898 1654 quaeri
925 1596 1135 1654 coepta,
1165 1591 1366 1642 deinde
1392 1591 1447 1641 in
1468 1591 1616 1643 hunc
1642 1591 1825 1643 locum

66 1686 111 1721 20
134 1663 321 1716 delata
357 1669 500 1723 sunt,
538 1678 642 1716 nec
676 1664 1005 1724 dubitatum,
1045 1666 1176 1729 quin
1215 1666 1270 1716 in
1307 1666 1511 1717 virtute
1546 1667 1727 1717 omnis
1766 1672 1828 1717 ut

133 1738 287 1797 bene,
332 1739 411 1790 sic
454 1739 621 1791 etiam
664 1738 825 1791 beate
867 1740 1095 1791 vivendi
1141 1754 1270 1803 spes
1316 1746 1629 1803 poneretur.
1674 1755 1825 1804 »quae

132 1827 255 1864 cum
290 1814 441 1866 Zeno
480 1813 767 1866 didicisset
802 1829 836 1865 a
870 1815 1092 1874 nostriS,
1130 1820 1190 1866 ut
1226 1815 1281 1865 in
1316 1815 1627 1866 actionibus
1668 1829 1825 1879 prae-

132 1891 291 1942 scribi
339 1891 493 1951 solet‚
541 1886 630 1942 ‘DE
653 1906 844 1942 EADEM
870 1907 938 1943 RE
964 1886 1162 1956 [FECIT]
1193 1907 1323 1943 Amo
1358 1887 1558 1944 Mono'.
1623 1893 1730 1944 hoc
1769 1897 1828 1944 tu

132 1981 279 2016 nunc
318 1967 372 2016 in
413 1966 507 2018 illo
550 1966 765 2030 probaS.
829 1966 1034 2017 scilicet
1064 1967 1353 2018 vocabulis
1386 1981 1563 2018 rerum
1605 1969 1827 2018 mutatis

65 2037 537 2093 25inconstantiae
586 2038 790 2089 crimen
842 2037 935 2089 ille
984 2037 1204 2102 effugit,
1253 2052 1357 2090 nos
1407 2038 1663 2102 effugere
1714 2053 1825 2090 non

132 2114 472 2175 possumus!
520 2111 613 2163 ille
653 2111 860 2164 Metelli
898 2113 1070 2163 vitam
1108 2118 1277 2176 negat
1316 2113 1617 2165 beatiorem
1658 2127 1823 2177 quam

134 2185 344 2250 Reguli,
376 2186 829 2250 praeponendam
864 2191 1065 2245 tamen,
1096 2200 1198 2238 nec
1228 2188 1408 2250 magis
1440 2188 1826 2251 expetendam,

134 2260 229 2311 sed
279 2260 459 2323 magis
510 2260 838 2311 sumendam
885 2265 954 2319 et,
1003 2261 1049 2312 si
1098 2262 1253 2324 optio
1301 2267 1463 2321 esset,
1507 2261 1824 2326 eligendam

133 2333 356 2393 Metelli,
388 2334 582 2398 Reguli
615 2334 974 2393 reiciendam;
1004 2349 1126 2399 ego,
1158 2350 1324 2399 quam
1357 2336 1449 2388 ille
1481 2350 1826 2400 praeponen-

63 2408 262 2466 audam
315 2414 370 2461 et
424 2409 604 2473 magis
659 2409 989 2472 eligendam,
1043 2410 1347 2462 beatiorem
1401 2410 1545 2462 hanc
1598 2411 1822 2475 appello

132 2496 232 2535 nec
265 2482 381 2535 ullo
419 2483 648 2535 minimo
684 2489 966 2535 momento
1004 2484 1130 2547 plus
1167 2485 1216 2536 ei
1252 2485 1401 2537 vitae
1433 2485 1616 2537 tribuo
1657 2501 1823 2550 quam

207 2656 234 2697 8
267 2654 485 2707 quaerere
518 2653 735 2697 mittimus
766 2656 838 2699 Se.
871 2668 1164 2707 quereremus
1188 2657 1317 2700 BER
1350 2658 1652 2709 queremusv
1684 2670 1825 2709 quae-

132 2726 228 2757 rere
259 2717 474 2758 nolumus
508 2716 614 2759 C.F.
630 2716 690 2758 W.
707 2717 827 2758 Mne.
919 2727 971 2758 se
1003 2717 1149 2759 oculis
1179 2717 1263 2759 BE
1384 2718 1411 2759 9
1445 2719 1697 2768 privavisse
1729 2718 1767 2759 R

135 2774 185 2816 11
222 2776 403 2817 beatam
434 2776 574 2817 vitam
606 2776 644 2818 R
769 2776 823 2817 14
855 2776 902 2818 ld
934 2777 1057 2818 enim
1090 2777 1167 2819 ille
1190 2777 1228 2819 R
1259 2778 1367 2819 ideo
1400 2779 1523 2819 enim
1557 2777 1633 2818 ille
1665 2777 1748 2818 BE
1780 2778 1827 2818 id

132 2834 209 2876 ille
231 2834 274 2876 V
305 2835 352 2877 ld
381 2838 451 2877 est
474 2836 597 2877 enim
623 2835 686 2876 illl
711 2846 938 2877 summum
964 2836 1160 2884 bonum:
1193 2829 1428 2888 εὐθυμίαν
1453 2839 1537 2878 cet.
1564 2838 1682 2878 conl.
1701 2838 1824 2878 Mdv.

210 2894 263 2935 17
295 2895 355 2936 ab
379 2895 470 2937 hoc
494 2894 735 2937 enucleate
759 2895 843 2937 BE
933 2895 990 2937 20
1023 2896 1211 2937 dublum
1237 2897 1274 2938 R
1367 2897 1422 2938 23
1449 2898 1537 2939 del.
1570 2897 1620 2939 Ρ.
1638 2897 1765 2938 Μαη.

132 2953 186 2997 31
222 2955 411 2996 minimo
444 2954 532 2997 RV
567 2955 759 2997 omnino
791 2954 874 2997 BE

1859 1380 1916 1420 88
