2002 3068
82 704 137 745 18

82 1442 136 1482 19

164 118 199 169 8
589 109 674 155 DE
707 108 961 155 FINIBUS
995 107 1148 155 BON.
1184 109 1263 154 ET
1297 109 1448 156 MAL.
1644 114 1949 156 Lib.1c.6—7

166 251 221 303 id
256 255 337 303 est
370 264 598 314 corpora
630 248 916 300 individua
949 254 1166 312 propter
1201 249 1546 309 soliditatem,
1587 256 1772 302 censet
1804 252 1858 301 in

168 326 379 377 infinito
415 325 579 384 inani,
621 324 676 374 in
723 337 833 386 quo
867 323 1002 373 nihil
1035 338 1138 375 nec
1171 339 1445 375 summum
1479 339 1582 375 nec
1613 325 1859 376 infimum

166 415 269 465 nec
300 399 543 450 medium
576 412 679 449 nec
719 398 968 448 ultimum
1010 412 1113 450 nec
1153 404 1451 449 extremum
1493 400 1575 459 sit,
1615 401 1689 450 ita
1727 399 1860 459 ferri,

167 471 226 526 ut
268 473 720 526 concursionibus
761 473 897 524 inter
939 487 998 523 se
1040 473 1443 532 cohaerescant,
1488 488 1554 524 ex
1598 488 1708 537 quo
1751 474 1862 525 effi-

170 551 376 601 ciantur
409 562 488 607 ea,
531 562 674 611 quae
707 548 813 598 sint
846 561 1101 611 quaeque
1135 552 1432 606 cernantur,
1473 549 1673 607 omnia,
1714 563 1862 599 eum·
1908 559 1931 593 5

170 638 278 687 que
302 627 513 674 motum
539 627 847 673 atomorum
875 621 1026 673 nullo
1054 636 1087 672 a
1111 623 1392 685 principio,
1426 622 1524 673 sed
1551 637 1616 674 ex
1642 628 1862 674 aeterno

169 704 416 761 tempore
446 696 690 760 intellegi
716 697 1024 747 convenire.
1073 696 1333 759 Epicurus
1359 702 1558 756 autem,
1583 698 1637 747 in
1664 698 1863 760 quibus

169 772 413 836 sequitur
427 771 814 830 Democritum,
833 785 945 822 non
959 771 1068 821 fere
1086 771 1295 822 labitur.
1320 785 1655 834 quamquam
1673 773 1864 822 utrius-

169 861 277 911 que
314 861 439 897 cum
475 846 647 897 multa
678 860 791 897 non
825 846 1014 909 probo,
1054 851 1169 896 tum
1202 845 1335 896 illud
1369 846 1423 895 in
1457 847 1658 909 primiS,
1698 847 1863 909 quod,

169 936 292 973 cum
327 921 382 971 in
424 935 600 971 rerum
633 925 828 971 natura
860 919 971 971 duo
1000 920 1316 983 quaerenda
1348 921 1468 979 sint,
1500 935 1686 979 unum,
1720 935 1862 984 quae
1890 931 1932 966 10

168 996 395 1047 materia
420 996 502 1054 sit,
530 1009 596 1045 ex
622 1009 732 1058 qua
757 1008 1011 1057 quaeque
1037 1009 1122 1045 res
1149 994 1424 1054 efficiatur,
1450 994 1692 1054 alterum,
1720 1010 1862 1059 quae

166 1071 251 1121 vis
285 1071 367 1129 sit,
407 1083 551 1133 quae
585 1069 830 1132 quidque
864 1068 1076 1128 efficiat,
1118 1069 1187 1120 de
1219 1070 1446 1120 materia
1478 1069 1862 1129 disseruerunt,

166 1146 278 1195 vim
306 1150 358 1195 et
383 1158 606 1195 causam
633 1143 906 1194 efficiendi
933 1143 1278 1207 reliquerunt.
1320 1143 1417 1194 sed
1436 1144 1543 1195 hoc
1569 1158 1862 1195 commune

165 1220 373 1278 vitium,
399 1218 524 1269 illae
542 1218 754 1281 Epicuri
781 1218 1031 1281 propriae
1057 1219 1266 1269 ruinae:
1295 1223 1480 1269 censet
1500 1219 1645 1268 enim
1666 1219 1859 1270 eadem

168 1293 260 1345 illa
291 1292 576 1343 individua
608 1298 660 1343 et
692 1292 871 1343 solida
903 1306 1131 1355 corpora
1162 1293 1282 1343 ferri
1308 1293 1564 1344 deorsum
1592 1307 1693 1344 suo
1726 1308 1860 1356 pon·
1887 1304 1931 1339 15

169 1368 297 1419 dere
322 1367 393 1418 ad
418 1367 634 1426 lineam,
660 1367 806 1417 hunc
830 1367 1132 1418 naturalem
1161 1381 1284 1418 esse
1310 1368 1556 1418 omnium
1576 1382 1862 1430 corporum

168 1448 393 1494 motum.
450 1441 650 1492 deinde
692 1441 896 1492 ibidem
937 1442 1106 1493 homo
1133 1447 1340 1501 acutuS,
1381 1456 1504 1492 cum
1546 1442 1678 1493 illud
1713 1457 1864 1493 ocur-

170 1522 320 1576 reret,
361 1518 406 1567 si
441 1517 629 1568 omnia
661 1515 890 1567 deorsus
924 1530 954 1566 e
986 1517 1210 1580 regione
1244 1516 1500 1567 ferrentur
1541 1522 1606 1576 et,
1647 1522 1706 1567 ut
1738 1516 1863 1576 dixi,

169 1592 239 1642 ad
287 1591 504 1650 lineam,
552 1604 854 1654 numquam
902 1589 1015 1642 fore
1064 1596 1122 1641 ut
1169 1596 1385 1642 atomus
1434 1590 1600 1642 altera
1639 1591 1862 1642 alteram

170 1671 358 1729 posset
381 1666 646 1729 attingere
673 1666 857 1728 itaque
873 1678 932 1708 *201
948 1665 1122 1715 attulit
1147 1679 1259 1716 rem
1287 1666 1746 1717 commenticiam:
1772 1665 1863 1717 de·
1886 1675 1931 1711 20

170 1741 369 1791 clinare
404 1740 537 1790 dixit
569 1745 814 1791 atomum
849 1739 1188 1802 perpaulum,
1223 1754 1332 1803 quo
1360 1740 1495 1790 nihil
1528 1746 1716 1803 posset
1747 1740 1862 1791 fieri

169 1816 371 1873 minus;
415 1815 489 1864 ita
533 1814 673 1864 effici
718 1813 1131 1876 complexiones
1165 1819 1217 1865 et
1258 1814 1636 1877 copulationes
1678 1820 1730 1865 et
1770 1815 1862 1866 ad-

173 1889 468 1940 haesiones
501 1893 808 1940 atomorum
842 1889 977 1939 inter
1010 1903 1084 1948 se,
1128 1903 1193 1939 ex
1234 1903 1344 1952 quo
1380 1889 1678 1939 efficeretur
1708 1904 1863 1939 mun-

171 1964 272 2014 dus
318 1977 623 2026 omnesque
669 1968 848 2025 partes
900 1963 1106 2022 mundi,
1155 1977 1410 2026 quaeque
1454 1965 1508 2013 in
1554 1978 1620 2014 eo
1666 1969 1862 2014 essent.

171 2036 328 2094 Quae
368 2052 492 2088 cum
524 2042 639 2088 tota
671 2051 755 2087 res
788 2031 941 2099 <est>
974 2037 1100 2087 ficta
1132 2037 1418 2100 pueriliter,
1451 2043 1565 2088 tum
1598 2052 1668 2089 ne
1702 2037 1863 2088 efficit
1886 2047 1931 2082 25

243 2169 270 2210 3
302 2166 527 2219 ultimum]
562 2170 770 2209 intimum
792 2169 945 2211 Jonas
970 2166 1177 2219 (dissert.
1195 2170 1346 2211 Berol.
1367 2174 1468 2211 1870
1492 2171 1609 2211 thes.
1625 2165 1671 2221 5)
1762 2169 1863 2210 ferri

170 2223 376 2270 A²ERN
408 2229 506 2270 fieri
538 2228 628 2270 BV
659 2229 722 2268 ita
753 2228 854 2270 ferri
885 2232 935 2269 ut
966 2240 1040 2270 om
1073 2223 1139 2270 Α1
1261 2229 1311 2269 11
1348 2240 1406 2270 ex
1438 2240 1530 2279 quo
1563 2228 1745 2270 AREN

172 2288 226 2328 15
258 2288 426 2330 deorsfi
459 2284 582 2337 (cum
615 2299 711 2329 ras.
740 2290 855 2340 post
886 2285 935 2339 δ)
968 2288 1009 2328 Ν
1156 2288 1210 2328 16
1242 2289 1302 2329 ad
1331 2285 1518 2337 lineam]
1553 2288 1766 2328 adlimam
1798 2281 1864 2328 Αι

170 2348 230 2388 ad
261 2347 416 2388 lunam
449 2347 486 2388 R
527 2348 588 2388 ad
625 2347 795 2388 lineam
829 2343 908 2397 (ne
940 2359 996 2389 ex
1026 2345 1166 2398 corr.)
1198 2348 1238 2388 N
1384 2346 1439 2388 18
1472 2348 1683 2389 deorsum
1716 2347 1863 2394 BEV,

169 2405 210 2446 N
244 2409 298 2447 at
329 2418 368 2447 υ.
403 2411 453 2446 15
576 2406 630 2447 19
663 2406 760 2448 fore
792 2418 1043 2457 numquam
1074 2406 1112 2448 B
1146 2407 1242 2448 fore
1266 2418 1470 2457 unquam
1502 2407 1538 2447 E
1650 2407 1862 2447 athomos

244 2465 301 2506 20
325 2467 508 2506 hiatum
530 2469 645 2517 post
667 2467 823 2516 itaque
848 2468 1037 2508 notavit
1059 2466 1233 2508 Usener
1256 2463 1520 2518 (Epicurea,
1545 2467 1730 2517 Lipsiae
1748 2470 1862 2515 1887,

167 2538 214 2576 p.
244 2529 347 2574 199‚·
390 2526 619 2576 scriptum
658 2526 806 2576 faisse
845 2528 1008 2576 potest
1044 2525 1167 2566 effici
1215 2526 1434 2566 mundum
1475 2537 1571 2566 non
1611 2536 1751 2575 posse
1791 2526 1862 2566 vel

169 2586 322 2626 simile
354 2581 574 2636 aliquid),
607 2585 695 2625 alii
727 2587 838 2625 ante
870 2585 1027 2635 itaque
1058 2585 1115 2637 cf.
1146 2585 1222 2626 Va.
1246 2585 1290 2625 II
1315 2589 1395 2625 344
1416 2596 1516 2636 sqq.
1639 2585 1751 2625 dixit
1781 2584 1860 2625 de-

174 2644 344 2685 clinare
368 2642 406 2684 B
522 2643 574 2684 21
612 2646 658 2683 at
687 2643 893 2684 thomum
918 2643 956 2684 B
988 2645 1202 2685 athomos
1225 2643 1268 2685 A
1381 2643 1437 2685 22
1470 2644 1861 2685 adhaesitationes

173 2702 262 2744 AR
294 2698 510 2753 (adhes.)‚
543 2697 846 2744 adhesitones
877 2702 919 2744 N
1054 2703 1110 2744 25
1143 2714 1214 2745 res
1245 2706 1341 2744 tota
1372 2703 1410 2744 R
1552 2706 1622 2744 est
1651 2702 1760 2743 ficta
1789 2701 1860 2743 Se.

172 2756 375 2812 (‘potu1·t
398 2762 621 2812 excidere,
648 2764 703 2803 ut
724 2773 867 2813 saepe
891 2763 1075 2812 excidit,
1105 2763 1316 2803 librariis
1344 2774 1438 2804 non
1464 2763 1747 2803 intellectam
1771 2756 1857 2802 est’

170 2816 343 2871 Mdv.)‚·
373 2820 482 2862 ficta
510 2820 653 2868 BER.
687 2816 825 2873 (post
854 2821 962 2862 ficta
991 2833 1223 2873 superscr.
1249 2823 1311 2863 ab
1344 2823 1428 2863 alt.
1453 2833 1512 2863 m.
1537 2817 1614 2871 sit)
1637 2820 1695 2868 A,
1727 2816 1860 2870 (ibid.

170 2891 402 2931 superscr.
436 2881 497 2921 ab
531 2881 615 2922 alt.
641 2892 698 2921 m.
733 2881 793 2922 .s.
824 2877 904 2930 l=
928 2878 1130 2931 scilicet]
1161 2878 1238 2931 sit)
1269 2880 1331 2928 N;
1364 2880 1472 2922 ficta
1501 2880 1560 2921 sit
1581 2879 1624 2922 V
1654 2879 1762 2921 ficta
1792 2883 1861 2922 est

170 2938 407 2991 Heindorf
432 2941 498 2981 ad
531 2939 622 2982 Cic.
656 2941 713 2982 de
745 2941 843 2981 nat.
869 2941 996 2982 deor.
1020 2940 1043 2980 Ι
1064 2945 1086 2981 1
