2046 3138
56 149 83 201 §
111 150 286 192 30-34
440 194 443 197 ,
569 147 655 192 DE
688 146 941 194 FINIBUS
977 146 1126 194 BON.
1161 147 1239 193 ET
1273 147 1424 193 MAL.
1743 156 1836 206 101

146 289 220 339 illi
255 282 748 352 ἐπιγεννηματικόν
781 289 1082 352 appellant;
1124 304 1246 340 curn
1289 295 1472 341 autem
1512 291 1568 340 in
1602 305 1713 354 quo
1748 305 1846 341 sa-

146 365 398 426 pienter
431 363 678 423 dicimus,
719 364 774 414 id
816 378 848 413 a
890 365 1063 426 primo
1105 366 1403 416 rectissime
1437 365 1641 416 dicitur.
1698 367 1846 429 quic-

146 439 276 501 quid
312 439 457 489 enim
492 453 524 489 a
557 439 828 501 sapientia
870 439 1239 502 proficiscitur,
1281 440 1335 490 id
1378 442 1638 492 continuo
1681 441 1847 491 debet

144 513 425 576 expletum
461 528 583 565 esse
609 514 867 565 omnibus
901 515 1013 564 suis
1045 515 1310 576 partibus;
1344 516 1398 565 in
1433 530 1499 566 eo
1529 517 1673 567 enim
1702 517 1846 578 posi-

97 599 120 633 5
146 593 258 638 tum
302 594 383 639 est
423 589 492 647 id,
534 589 684 652 quod
727 589 959 640 dicimus
1005 603 1127 640 esse
1170 591 1553 652 expetendum.
1617 605 1746 640 nam
1788 596 1846 641 ut

144 668 428 724 peccatum
471 668 553 714 est
594 665 822 726 patriam
867 664 1112 726 prodere,
1158 670 1411 727 parentes
1450 665 1674 725 violare,
1704 666 1846 716 vfana

142 737 470 800 depeculari,
497 752 641 802 quae
667 744 793 789 sunt
818 740 873 788 in
901 739 1111 798 effectu,
1139 741 1216 790 sic
1248 741 1451 799 timere,
1485 741 1563 790 sic
1588 754 1843 799 maerere,

141 813 218 862 sic
261 813 316 862 in
357 813 583 863 libidine
625 827 747 864 esse
793 819 1078 876 peccatum
1129 820 1210 864 est
1250 815 1413 865 etiam
1463 816 1581 866 sine
1630 815 1840 867 effectu.
1896 827 1898 829 ’

139 901 328 938 verum
373 893 432 938 ut
476 888 613 938 haec
653 903 765 939 non
807 890 862 938 in
896 890 1126 952 posteris
1169 895 1222 940 et
1261 890 1315 939 in
1358 891 1839 954 consequentibus

0 1009 1 1013 ,
73 971 116 1007 10
140 962 238 1012 sed
271 963 326 1012 in
361 964 546 1024 primis
581 965 842 1015 continuo
879 968 1104 1026 peccata
1138 970 1276 1023 sunt,
1310 965 1388 1015 sic
1421 979 1501 1024 ea,
1544 979 1688 1029 quae
1722 979 1842 1028 pro-

139 1035 452 1088 ficiscuntur
481 1052 514 1088 a
538 1039 750 1097 virtute,
777 1040 1128 1101 susceptione
1155 1041 1343 1102 prima,
1370 1054 1482 1090 non
1510 1040 1842 1103 perfectione

138 1116 286 1161 recta
319 1117 446 1162 sunt
478 1113 788 1164 iudicanda.
1866 1151 1933 1200 10

210 1185 456 1237 Bonum
490 1193 690 1247 autem,
731 1189 881 1252 quod
915 1190 969 1238 in
1004 1189 1110 1240 hoc
1150 1203 1403 1240 sermone
1448 1191 1647 1241 totiens
1668 1204 1832 1240 ·-usur
1879 1222 1935 1263 33

141 1266 328 1323 patum
363 1267 459 1321 est,
500 1263 555 1313 id
590 1264 754 1313 etiam
789 1264 1110 1315 definitione
1152 1264 1464 1326 explicatur.
1521 1265 1619 1315 sed
1655 1279 1844 1316 eorum

0 1378 1 1392 ,
73 1346 115 1381 15
141 1336 490 1388 definitiones
525 1338 751 1400 paulum
786 1339 994 1401 oppido
1029 1339 1259 1389 interssse
1293 1339 1547 1390 differunt
1581 1345 1633 1391 et
1658 1344 1843 1391 tamen

141 1411 340 1462 eodem
386 1417 649 1475 spectant.
722 1427 827 1476 ego
873 1414 1152 1465 adsentior
1196 1413 1449 1478 Diogeni,
1496 1416 1605 1478 qui·
1634 1415 1844 1466 bonum

139 1485 408 1537 definierit
449 1487 518 1546 id,
561 1488 711 1550 quod
737 1494 900 1539 esset
932 1493 1125 1539 natura
1168 1489 1499 1541 absolutum.
1563 1490 1618 1540 id
1660 1495 1844 1541 autem

141 1575 380 1624 sequens
414 1562 548 1612 illud
583 1564 762 1621 etiam,
797 1563 948 1626 quod
976 1563 1263 1626 prodesset
1296 1589 1366 1596 —-
1402 1557 1663 1627 ὠφέλημα
1698 1567 1843 1615 enim

138 1637 216 1685 sic
247 1636 591 1698 appellemus
626 1662 710 1695 —,
745 1643 955 1688 motum
990 1643 1083 1688 aut
1115 1643 1316 1689 statum
1351 1653 1474 1691 esse
1515 1639 1649 1690 dixit
1682 1655 1711 1690 e
1745 1655 1841 1690 na-

0 1763 2 1783 s
68 1720 114 1755 20
138 1715 257 1760 tura
289 1711 559 1762 absoluto.
624 1726 861 1775 cumque
893 1727 1069 1763 rerum
1097 1715 1352 1765 notiones
1386 1716 1666 1765 inanimis
1693 1715 1840 1775 fiant,

0 1786 1 1790 ’
138 1786 183 1835 si
224 1790 318 1835 aut
358 1801 462 1836 usu
503 1786 711 1849 aliquid
754 1788 1034 1850 cognitum
1077 1790 1145 1838 sit
1185 1793 1278 1838 aut
1319 1790 1706 1841 coniunctione
1747 1796 1841 1843 aut

138 1860 495 1911 similitudine
535 1866 630 1911 aut
675 1862 968 1913 collatione
1010 1864 1248 1922 rationiS,
1293 1864 1400 1914 hoc
1433 1870 1641 1927 quarto,
1673 1866 1839 1928 ‚quod

138 1939 439 1985 extremum
474 1937 650 1998 posui,
696 1936 827 1987 boni
860 1938 1054 1988 notitia
1093 1938 1235 1988 facta
1268 1944 1364 1989 est.
1428 1953 1551 1990 cum
1587 1941 1732 1990 enim
1759 1941 1837 1991 vab

137 2010 202 2059 iis
235 2010 412 2068 rebuS,
454 2024 598 2073 quae
639 2016 766 2061 sunt
798 2012 1102 2062 secundum
1137 2018 1402 2072 naturam,
1448 2015 1695 2065 ascendit
1727 2016 1841 2065 ani-

67 2094 114 2129 25
136 2099 259 2137 mus
287 2084 581 2136 collatione
602 2087 842 2145 rationiS,
870 2091 985 2136 tum
1007 2087 1082 2137 ad
1107 2089 1392 2139 notionem
1419 2089 1550 2140 boni
1579 2091 1839 2152 pervenit.
1873 2098 1928 2139 34

138 2158 244 2210 hoc
262 2163 446 2210 autem
462 2160 643 2222 ipsum
658 2160 866 2211 bonum
882 2176 994 2212 non
1011 2164 1329 2213 accessione
1344 2177 1526 2227 neque
1542 2165 1839 2216 crescendo

137 2238 230 2284 aut
264 2248 388 2284 cum
423 2235 613 2285 ceteris
641 2237 1030 2298 comparando,
1065 2237 1163 2287 sed
1188 2239 1409 2300 ‘propria
1431 2240 1486 2288 vi
1514 2253 1615 2289 sua
1640 2239 1694 2290 et
1718 2254 1839 2291 sen·-

137 2309 301 2359 timus
329 2313 381 2359 et
407 2309 751 2372 appellamus
778 2310 1004 2362 bonum
1050 2316 1122 2362 ut
1135 2313 1280 2362 enim
1305 2313 1431 2372 mel,
1465 2315 1564 2365 etsi
1592 2298 1839 2365 dulcissi-

135 2397 302 2433 mum
321 2388 416 2442 est,
449 2398 550 2435 suo
584 2389 769 2435 tamen
805 2387 1022 2448 proprio
1049 2400 1258 2450 genere
1291 2390 1518 2450 saporis,
1541 2403 1681 2441 non
1689 2390 1838 2441 scom-

148 2474 1825 2495 s-p--ssn-ss——m——ffi—„w

212 2515 231 2555 1
254 2527 393 2559 c.um
410 2517 520 2558 Em.
546 2517 680 2559 Dav.
730 2519 857 2568 quod
920 2550 923 2554 .
1067 2520 1093 2560 2
1135 2520 1342 2566 dicimus
1356 2522 1511 2566 etiam
1555 2521 1596 2562 A
1624 2519 1716 2574 (cf.
1742 2524 1837 2567 αα.

132 2587 172 2616 υ.
204 2572 250 2625 5)
390 2580 430 2616 a
471 2578 616 2628 primo
658 2577 739 2629 BE
780 2579 839 2619 ad
865 2577 1026 2641 primo
1071 2577 1168 2621 AR
1203 2580 1262 2630 ad
1308 2582 1501 2631 primum
1547 2581 1588 2632 N
1628 2580 1837 2636 apprime

131 2634 173 2675 V
311 2636 336 2677 3
371 2637 640 2685 asapiencia
671 2626 706 2678 E
739 2637 902 2688 asapia
935 2635 1008 2688 (τ-
1029 2626 1308 2690 asapientia)
1342 2640 1378 2681 B
1413 2652 1441 2681 a
1472 2642 1672 2691 sapienti
1698 2641 1838 2683 ARV

131 2705 159 2734 a
190 2696 401 2746 sapiente
429 2696 474 2736 N
539 2709 562 2713 ·’
620 2697 653 2737 4
687 2699 809 2738 enim
839 2700 1063 2747 positum
1075 2703 1170 2740 est
1179 2697 1256 2749 id]
1273 2701 1505 2750 positu-m
1529 2704 1605 2742 est
1632 2703 1764 2742 enim
1771 2703 1839 2743 id

131 2753 214 2795 BE
246 2756 368 2796 enim
403 2757 697 2805 positum-ad
723 2754 963 2807 est.(om.
974 2756 1042 2809 id)
1067 2759 1117 2800 ·.V
1261 2760 1287 2800 5
1321 2761 1532 2802 dicimus
1549 2772 1638 2802 om.
1662 2761 1759 2802 A
1754 2797 1761 2800 .

130 2812 157 2853 6
189 2814 349 2855 violari
381 2814 566 2857 ABER
681 2817 706 2856 7
740 2817 908 2859 effecto
940 2813 1199 2860 ABERN¹
1239 2833 1261 2860 ,·
1304 2819 1373 2860 ,κ’-15
1400 2821 1582 2870 oppido
1615 2821 1832 2871 Vffopido

192 2873 245 2914 17
278 2877 403 2916 esset
442 2878 604 2916 natura
644 2878 759 2919 dett.
786 2880 925 2923 cesset
963 2882 1156 2920 enatura
1186 2878 1230 2920 A
1271 2878 1396 2921 esset
1435 2891 1468 2921 e*
1501 2881 1663 2921 natura
1694 2881 1834 2923 RNV

130 2943 234 2974 esse
266 2945 295 2974 a
325 2937 486 2975 natura
516 2934 600 2976 BE
748 2936 806 2978 20
839 2938 1053 2979 absoluto
1085 2939 1234 2987 Brem.
1269 2940 1482 2980 absoluta
1570 2977 1575 2979 .
1608 2940 1683 2988 ,23
1718 2942 1847 2983 boni.

129 2992 286 3036 Lamb.
320 2995 367 3034 in
400 2996 525 3035 caris
557 2998 802 3047 secundis;
835 2998 1007 3039 bonum
1145 2996 1323 3048 notitia]
1359 3001 1497 3041 nocio
1531 2999 1614 3041 BE
