2046 3138
204 126 273 176 78
626 119 712 164 DE
744 120 999 167 FINIBUS
1031 119 1181 167 BON.
1215 121 1293 166 ET
1325 121 1478 167 MAL.
1599 125 1992 169 Lib.11c.31—-32

113 271 197 312 100
276 258 385 310 Sed
430 265 488 308 ut
540 260 830 322 epistulam
884 260 1219 311 laudandam
1264 262 1489 312 arbitror
1538 276 1675 321 earn,
1728 277 1894 325 quam

200 334 369 384 modo
395 334 623 384 totidem
650 334 760 385 fere
782 335 964 385 verbis
990 336 1369 398 interpretatus
1395 351 1532 395 sum,
1558 351 1895 400 quamquam

201 422 266 458 ea
300 422 423 458 cum
457 422 674 458 summa
708 410 824 459 eius
859 409 1211 472 philosophia
1243 410 1394 461 nullo
1428 410 1598 462 modo
1632 424 1895 474 congrue-

199 483 306 540 bat,
339 483 417 532 sic
450 483 697 533 eiusdem
731 487 1118 534 testamentum
1151 498 1264 535 non
1305 485 1484 535 solum
1517 480 1621 547 (a)
1655 485 1895 548 philoso-

200 557 293 618 phi
326 558 606 620 gravitate,
639 557 738 608 sed
772 559 935 608 etiam
969 558 1039 609 ab
1072 559 1244 621 ipsius
1274 561 1544 610 sententia
1569 560 1751 610 iudico
1785 559 1891 609 dis·
1937 570 1964 605 5

199 645 433 693 crepare.
481 632 693 694 scripsit
726 633 870 682 enirn
899 637 951 683 et
975 633 1159 683 multis
1184 647 1352 696 saepe
1376 634 1557 684 verbis
1583 640 1636 684 et
1660 634 1892 684 breviter

198 710 423 768 arteque
462 707 517 755 in
567 720 633 756 eo
676 706 828 766 libro,
870 721 1034 770 quem
1068 708 1237 758 modo
1278 710 1576 767 nominavi,
1608 714 1890 764 ,mortem

197 779 361 830 nihil
395 780 477 829 ad
509 794 627 831 nos
662 782 1001 843 pertinere.
1066 782 1239 844 quod
1280 784 1451 832 enirn
1493 783 1890 833 dissolutum

197 855 300 913 sit,
333 854 396 904 id
431 868 579 905 esse
612 856 752 905 sine
785 870 1003 914 sensu,
1045 857 1217 918 quod
1258 862 1471 907 autem
1513 858 1653 907 sine
1693 871 1889 907 sensu

197 929 300 987 sit,
333 929 400 978 id
434 929 597 978 nihil
631 929 708 979 ad
742 943 859 980 nos
895 931 1221 992 pertinere
1246 933 1524 982 omnin0.
1579 931 1686 982 hoc
1710 932 1891 994 ipsum
1918 941 1966 978 ιο

198 1002 503 1066 elegantius
537 1005 669 1066 poni
702 1004 1011 1067 meliusque
1043 1006 1233 1067 potuit.
1288 1019 1416 1055 narn
1451 1006 1601 1068 quod
1642 1007 1716 1056 ita
1748 1006 1893 1068 posi-

196 1082 310 1126 tum
338 1082 433 1136 est,
467 1078 639 1140 quod
667 1078 1063 1129 dissolutum
1097 1081 1200 1139 sit,
1234 1079 1297 1130 id
1326 1094 1470 1130 esse
1495 1081 1635 1131 sine
1669 1094 1890 1138 sensu,

196 1151 250 1201 id
277 1153 395 1202 eius
420 1152 571 1203 modi
599 1158 694 1211 est,
727 1158 787 1202 ut
810 1167 923 1204 non
949 1155 1080 1203 satis
1107 1154 1271 1216 plane
1297 1154 1441 1204 dicat
1466 1155 1598 1217 quid
1624 1156 1692 1204 sit
1717 1155 1891 1204 disso-

109 1229 188 1270 101
221 1226 409 1276 lutum.
459 1227 557 1276 sed
590 1232 774 1278 tamen
808 1227 1068 1291 intellego
1102 1229 1233 1291 quid
1259 1229 1403 1279 velit.
1467 1243 1671 1292 quaero
1706 1234 1890 1279 autem

197 1301 329 1363 quid
362 1302 444 1359 sit,
485 1301 651 1363 quod,
693 1316 816 1351 cum
851 1302 1228 1362 dissolutione,
1269 1304 1323 1353 id
1359 1309 1440 1354 est
1472 1308 1661 1362 morte,
1694 1316 1891 1354 sensus
1916 1313 1962 1349 15

196 1376 376 1424 omnis
404 1376 762 1438 extinguatur,
790 1381 843 1426 et
869 1391 992 1426 cum
1011 1377 1203 1439 reliqui
1228 1377 1362 1427 nihil
1385 1379 1453 1428 sit
1470 1379 1713 1436 omnino,
1739 1377 1891 1440 quod

196 1450 462 1510 pertineat
485 1449 557 1499 ad
582 1464 701 1509 noS,
733 1455 843 1500 tarn
870 1457 1120 1502 accurate
1145 1457 1369 1515 tamque
1387 1452 1673 1515 diligenter
1699 1456 1892 1502 caveat

196 1528 247 1573 et
291 1525 499 1574 sanciat
542 1529 608 1574 ut
639 1523 1165 1588 Amynomachus
1211 1532 1270 1576 et
1314 1526 1738 1585 TimocrateS‚
1783 1526 1890 1576 he-

195 1597 382 1648 redes
431 1599 551 1657 sui,
601 1599 680 1649 de
726 1598 1105 1650 Hermarchi
1150 1602 1481 1651 sententia
1520 1601 1673 1651 dent
1716 1599 1890 1664 quod

196 1673 360 1722 satis
393 1674 476 1722 sit
509 1673 587 1722 ad
621 1673 790 1724 diem
825 1675 1149 1737 agendum
1190 1675 1474 1726 natalem
1508 1690 1689 1725 suum
1724 1683 1962 1738 quo-2⁰

195 1748 411 1796 tannis
433 1761 654 1798 mense
673 1747 1058 1800 Gamelione
1083 1751 1370 1812 itemque
1389 1750 1691 1800 omnibus
1716 1763 1888 1799 men-

195 1821 376 1871 sibus
401 1823 720 1872 vicesimo
756 1823 859 1873 die
884 1823 1078 1874 lunae
1103 1824 1256 1874 dent
1281 1824 1358 1873 ad
1386 1838 1607 1874 eorum
1636 1823 1887 1886 epulas,

196 1896 303 1957 qui
349 1909 478 1945 una
521 1909 736 1946 secum
782 1897 1235 1959 philosophati
1281 1900 1430 1956 sint,
1475 1903 1544 1947 ut
1585 1903 1652 1948 et
1685 1899 1782 1948 sui
1828 1902 1888 1947 et

108 1972 192 2013 102
217 1968 571 2020 Metrodori
597 1973 910 2021 memoria
936 1971 1199 2022 colatur.
1240 1972 1378 2022 haec
1395 1986 1500 2035 ego
1519 1986 1631 2023 non
1658 1986 1886 2034 possum

196 2043 376 2094 dicere
420 2058 533 2094 non
578 2059 700 2095 esse
744 2044 982 2096 hominis
1016 2048 1268 2108 quamvis
1310 2052 1362 2096 et
1401 2046 1528 2096 belli
1563 2052 1615 2096 et
1647 2047 1957 2104 humani,zs

195 2119 458 2180 sapientis
483 2132 614 2169 vero
641 2119 792 2170 nullo
819 2120 1004 2178 modo,
1039 2120 1248 2183 physici
1275 2123 1604 2184 praesertim,
1638 2135 1802 2184 quem
1828 2134 1889 2170 se

196 2191 286 2242 ille
320 2206 442 2243 esse
467 2193 597 2251 vult,
632 2198 822 2255 putare
855 2194 1026 2243 ullum
1061 2209 1183 2245 esse
1217 2197 1540 2258 cuiusquam
1567 2195 1712 2246 diem
1738 2199 1888 2244 nata-

196 2266 317 2317 lem.
374 2267 543 2329 quid?
586 2267 806 2318 idemne
832 2274 1013 2330 potest
1038 2283 1160 2319 esse
1186 2269 1303 2319 dies
1329 2271 1564 2332 saepius,
1598 2271 1691 2332 qui
1716 2268 1887 2319 semel

195 2340 332 2390 fuit?
389 2346 530 2391 certe
562 2356 675 2392 non
709 2347 903 2404 potest.
960 2357 1030 2392 an
1065 2344 1312 2394 eiusdem
1339 2344 1527 2394 modi?
1580 2357 1651 2393 ne
1683 2344 1737 2393 id
1772 2344 1888 2405 qui-

196 2414 337 2472 dem,
377 2416 480 2464 nisi
523 2415 693 2465 multa
733 2430 1002 2467 annorum
1036 2419 1434 2468 intercesserint
1474 2417 1637 2476 milia,
1682 2424 1739 2467 ut
1773 2431 1887 2467 orn-
1910 2427 1956 2464 ³0

196 2489 347 2537 nium
382 2489 620 2538 siderum
655 2490 867 2548 eodem,
901 2491 1049 2541 unde
1075 2491 1315 2554 profecta
1347 2493 1466 2548 sint,
1501 2492 1689 2541 fiatad
1715 2505 1885 2542 unum

195 2568 412 2624 tempus
445 2565 698 2614 reversio.
755 2564 936 2614 nullus
971 2571 1052 2615 est
1092 2567 1252 2628 igitur
1285 2567 1607 2628 cuiusquam
1642 2566 1760 2616 dies
1793 2578 1886 2614 na-

195 2636 331 2687 taliS.
405 2631 493 2686 ‘At
524 2633 793 2688 habeturl'
836 2638 898 2688 Et
932 2653 1036 2701 ego
1070 2640 1124 2689 id
1159 2640 1362 2690 scilicet
1394 2641 1732 2690 nesciebam!
1774 2638 1884 2689 Sed

196 2716 253 2759 ut
286 2712 367 2769 sit,
401 2712 638 2762 etiamne
664 2718 788 2773 post
813 2718 1043 2763 mortem
1070 2714 1312 2764 coletur?
1366 2714 1533 2776 idque
1557 2718 1883 2764 testamento

270 2827 296 2867 3
330 2828 629 2877 philosophia
651 2828 733 2869 BE
765 2830 1032 2879 philosophi
1140 2832 1167 2870 4
1199 2833 1310 2872 add.
1335 2832 1385 2871 Ρ.
1403 2831 1530 2871 Μαη.
1646 2830 1671 2870 7
1696 2834 1885 2879 arteque

195 2884 265 2926 Se.
300 2890 502 2936 apteque
533 2887 724 2928 ARNV
755 2892 1006 2938 aperteque
1036 2889 1118 2931 BE
1213 2891 1266 2929 14
1300 2891 1377 2939 qui
1409 2890 1519 2930 velit
1545 2884 1656 2930 A¹R
1747 2890 1803 2930 23
1837 2893 1884 2929 ut

197 2941 258 2992 et]
293 2948 337 2984 et
369 2950 416 2984 ut
448 2945 489 2985 A
613 2947 667 2985 27
703 2951 861 2996 putare
895 2950 1000 2989 edd.
1033 2950 1179 2997 putari
1302 2949 1353 2989 31
1391 2952 1496 2988 sunt
1527 2948 1565 2990 R
