2046 3138
0 148 52 201 ις,
77 151 253 195 37—40
398 213 401 216 Ι
529 146 615 192 DE
647 144 901 193 F1N1Bus
934 143 1085 193 BON.
1118 144 1198 191 ET
1230 143 1383 191 MAL.
1707 149 1810 200 175

116 288 303 350 itaque
334 291 389 338 et
422 281 645 336 ‘vivere'
677 285 847 335 vitem
878 290 932 336 et
966 280 1142 335 ‘mori'
1175 283 1411 335 dicimus
1443 282 1809 344 arboremque

114 366 170 412 et
213 356 530 412 ‘novellam'
576 364 630 410 et
675 355 956 410 ‘vetulam'
1001 364 1055 410 et
1101 355 1325 422 ‘vigere'
1370 363 1424 410 et
1469 352 1808 409 ‘senescere'..

115 449 183 486 ex
225 448 336 499 quo
377 447 489 485 non
529 439 614 486 est
652 433 912 492 alienum,
955 439 1015 484 ut
1054 432 1447 491 animantibus
1489 432 1569 483 sic
1608 430 1718 482 illis
1745 436 1809 483 ·et

115 515 248 574 apta
280 508 554 573 quaedam
589 508 661 559 ad
692 513 948 559 naturam
981 513 1177 571 putare
1210 513 1264 559 et
1295 507 1477 558 aliena
1507 518 1809 569 earumque

70 600 93 634 5
114 583 500 648 augendarum
544 588 599 635 et
643 582 970 633 alendarum
1017 582 1297 645 quandam
1343 581 1641 632 cultricem
1671 593 1810 639 esse,

116 672 258 723 quae
293 659 364 710 sit
399 658 628 710 scientia
660 661 829 720 atque
859 670 950 707 ars
985 656 1371 719 agricolarum,
1406 669 1548 719 quae
1583 656 1810 706 circum-

115 732 278 791 cidat,
322 737 588 796 amputet,
633 732 825 795 erigat,
869 730 1115 789 extollat,
1158 730 1533 789 adminiculet,
1578 734 1652 788 ut,
1699 742 1808 794 quo

114 812 315 859 natura
357 807 514 866 ferat,
558 820 625 858 eo
667 806 886 870 possint
926 806 1019 864 ire,
1065 811 1125 856 ut
1166 806 1324 868 ipsae
1365 805 1524 864 vites,
1569 805 1615 856 si
1653 804 1807 868 loqui

116 882 348 945 possint,
388 883 465 933 ita
506 895 564 932 se
603 880 922 932 tractandas
961 879 1309 943 tuendasque
1350 893 1473 931 esse
1513 879 1809 931 fateantur.

52 974 94 1009 10
116 962 170 1008 et
205 970 352 1007 nunc
390 955 614 1020 quidem
653 954 803 1019 quod
839 968 963 1006 eam
1001 960 1199 1013 tuetur,
1238 959 1298 1005 ut
1336 954 1405 1006 de
1441 955 1553 1005 vite
1586 954 1811 1017 potissi-

115 1045 266 1082 mum
305 1030 516 1094 loquar,
554 1035 639 1082 est
673 1029 732 1081 id
769 1030 1136 1087 extrinsecus;
1174 1030 1230 1079 in
1267 1029 1392 1092 ipsa
1427 1029 1573 1079 enim
1613 1042 1810 1091 parum

115 1119 320 1168 magna
362 1106 449 1156 vis
493 1106 650 1164 inest,
693 1110 754 1156 ut
798 1118 963 1167 quam
1008 1104 1219 1167 optime
1263 1117 1321 1155 se
1364 1103 1568 1154 habere
1613 1103 1807 1166 possit,

116 1181 162 1231 si
219 1179 374 1230 nulla
429 1179 647 1231 cultura
700 1178 1045 1230 adhibeatur.
1101 1184 1158 1229 at
1214 1191 1349 1229 vero
1407 1179 1452 1229 si
1508 1178 1581 1228 ad
1637 1178 1808 1228 vitem

116 1268 313 1306 sensus
359 1255 669 1313 accesserit,
716 1259 777 1305 ut
822 1254 1133 1317 appetitum
1180 1253 1459 1316 quendam
1507 1252 1711 1303 habeat
1754 1258 1810 1303 et

49 1348 90 1382 15
116 1346 215 1396 per
256 1346 316 1384 se
356 1333 482 1396 ipsa
520 1337 826 1391 moveatur,
869 1331 1002 1395 quid
1044 1330 1318 1382 facturam
1360 1331 1566 1394 putas?
1616 1344 1686 1380 an
1729 1343 1809 1389 ea,

117 1421 258 1471 quae
296 1421 393 1471 per
429 1408 724 1458 vinitorem
761 1411 926 1458 antea
962 1405 1419 1469 consequebatur,
1458 1418 1557 1468 per
1592 1418 1653 1456 se
1687 1406 1812 1468 ipsa

116 1482 368 1533 curabit?
413 1482 511 1533 sed
546 1481 778 1533 videsne
811 1494 1162 1532 accessuram
1195 1481 1245 1531 ei
1282 1494 1484 1539 curam,
1518 1485 1579 1531 ut
1612 1493 1810 1531 sensus

115 1570 337 1620 quoque
379 1570 513 1608 suos
555 1569 860 1619 eorumque
899 1569 1120 1607 omnem
1161 1556 1473 1618 appetitum
1515 1560 1571 1606 et
1611 1555 1658 1605 si
1700 1568 1810 1617 qua

117 1632 227 1682 sint
268 1630 532 1682 adiuncta
574 1631 626 1682 ei
667 1630 917 1681 membra
958 1631 1218 1682 tueatur?
1273 1630 1352 1681 sic
1394 1629 1466 1680 ad
1509 1628 1622 1688 illa,
1666 1642 1810 1692 quae

48 1720 94 1755 20
117 1719 336 1769 semper
385 1705 594 1765 habuit,
646 1706 839 1769 iunget
887 1719 969 1764 ea,
1021 1719 1163 1769 quae
1216 1710 1413 1768 postea
1463 1704 1810 1762 accesserint,

114 1794 216 1831 nec
247 1780 486 1832 eundem
520 1780 692 1832 finem
723 1780 963 1839 habebit,
996 1794 1160 1843 quem
1195 1779 1373 1831 cultor
1402 1779 1522 1830 eius
1554 1778 1809 1837 habebat,

115 1854 212 1906 sed
263 1854 416 1906 volet
465 1854 771 1906 secundum
822 1868 945 1905 eam
997 1860 1269 1912 naturam,
1319 1866 1461 1916 quae
1512 1858 1710 1916 postea
1762 1853 1811 1903 ei

115 1929 379 1981 adiuncta
428 1929 546 1988 erit,
595 1930 800 1981 vivere.
849 1929 927 1980 ita
977 1928 1175 1980 similis
1226 1929 1330 1979 erit
1378 1929 1427 1978 ei
1479 1927 1612 1979 finis
1660 1927 1808 1986 boni,

116 2009 283 2067 atque
315 2009 480 2056 antea
511 2003 709 2063 fuerat,
740 2017 920 2067 neque
951 2003 1100 2054 idem
1134 2009 1345 2060 tamem
1376 2016 1487 2054 non
1519 2003 1666 2053 enim
1699 2003 1810 2053 iam

49 2094 94 2129 25
117 2078 306 2141 stirpis
357 2078 566 2129 bonum
621 2084 862 2142 quaeret,
916 2078 1014 2130 sed
1067 2076 1340 2128 animalis.
1396 2076 1545 2140 quid,
1599 2077 1669 2128 si.
1696 2091 1809 2128 non

116 2166 315 2204 sensus
356 2152 528 2204 modo
571 2154 622 2204 ei
664 2153 736 2204 sit
777 2152 957 2212 datUS,
1001 2166 1194 2204 verum
1236 2152 1403 2203 etiam
1447 2152 1667 2202 animus
1710 2151 1809 2202 ho-

116 2227 319 2278 minis?
366 2241 479 2279 non
527 2241 755 2279 necesse
802 2232 888 2280 est
933 2232 988 2279 et
1036 2226 1134 2277 illa
1181 2226 1414 2289 pristina
1461 2240 1700 2285 manere,
1750 2232 1811 2277 ut

190 2340 217 2380 2
249 2340 448 2381 vetulam
483 2341 678 2381 dicimus
710 2339 793 2380 BE
926 2340 952 2380 3
986 2339 1262 2379 anImalibus
1294 2338 1381 2379 BE
1519 2338 1546 2378 4
1579 2341 1739 2387 putare
1771 2343 1816 2380 et

115 2399 199 2440 BE
230 2404 387 2450 aptare
420 2403 466 2441 et
496 2400 534 2441 R
565 2403 804 2450 amputare
837 2403 882 2440 et
914 2399 1005 2440 NV
1098 2398 1125 2438 6
1158 2398 1453 2439 circumcidat
1476 2399 1592 2439 dett.
1625 2399 1814 2439 circum-

117 2459 238 2500 cidet
280 2459 318 2501 R
365 2459 614 2501 circumdat
657 2453 814 2500 BEN1
856 2458 1105 2499 circumdet
1147 2450 1261 2498 N²v
1413 2456 1439 2498 8
1484 2458 1664 2508 possint
1694 2458 1814 2501 Dav.

117 2520 264 2568 possit
425 2519 454 2559 9
494 2521 675 2569 possint
711 2519 764 2559 A.
797 2519 923 2559 Man.
967 2520 1160 2567 possent
1320 2517 1369 2557 11
1415 2518 1462 2558 id
1501 2529 1591 2559 om.
1630 2517 1718 2559 BE

121 2578 175 2618 15
200 2579 302 2628 ipsa
328 2578 457 2620 Crat.
491 2580 639 2629 ipsam
736 2578 789 2618 16
823 2581 931 2618 ante
954 2577 1041 2618 BE
1125 2578 1229 2626 ipsa
1255 2575 1382 2619 Crat.
1416 2578 1565 2627 ipsam
1650 2578 1708 2620 23
1733 2580 1816 2620 erIt

117 2635 296 2688 (priore
327 2635 452 2688 loco)
487 2638 535 2680 C.
552 2638 600 2679 F.
620 2638 681 2679 W.
698 2638 817 2678 Mue.
850 2638 908 2678 sit
1023 2637 1067 2677 ei
1089 2637 1255 2686 Bentl„
1283 2635 1391 2686 Gz.,·
1422 2640 1467 2678 et
1596 2637 1653 2678 25
1687 2639 1814 2688 quod

117 2698 156 2737 si
187 2697 226 2739 R
257 2693 452 2749 (Quod),
485 2697 581 2739 NV
724 2697 781 2737 25
815 2697 955 2737 modo
989 2707 1154 2737 sensus
1187 2707 1282 2737 non
1315 2697 1359 2737 el
1391 2696 1478 2738 BE
1521 2708 1617 2738 non
1648 2708 1814 2739 sensus

116 2757 160 2797 ei
194 2757 333 2798 modo
365 2757 403 2798 R
527 2757 584 2797 26
617 2757 751 2797 datus
783 2757 841 2797 sit
871 2756 958 2796 BE
1069 2756 1216 2796 eciam
1250 2756 1430 2797 animus
1463 2757 1666 2797 hominis
1697 2750 1815 2798 N²v

116 2817 255 2857 etiam
287 2818 468 2857 animus
502 2813 703 2866 (animus
735 2813 794 2866 R)
834 2818 904 2857 est
935 2816 1116 2856 animus
1148 2816 1350 2856 hominis
1381 2816 1469 2857 RN
1479 2811 1493 2835 ¹
1532 2817 1713 2858 animus
1745 2820 1815 2859 est

116 2876 254 2916 etiam
288 2877 469 2916 animus
508 2876 710 2916 hominis
749 2875 832 2916 BE
880 2876 1017 2916 etiam
1058 2875 1254 2923 animus,
1297 2879 1344 2917 et
1386 2877 1568 2916 animus
1611 2877 1813 2918 hominis

122 2934 230 2976 Vict.
380 2936 436 2976 27
470 2940 518 2976 ut
556 2935 729 2976 tuenda
771 2936 875 2983 sint,
916 2938 962 2976 et
995 2934 1073 2976 Or.
1108 2937 1156 2975 ut
1194 2936 1405 2977 tuendas.
1462 2935 1580 2976 Inter
1610 2930 1721 2977 RN¹
1753 2938 1812 2978 ad

115 2995 312 3036 tuendas
344 2995 460 3036 inter
490 2994 573 3035 BE
606 2997 653 3034 ut
685 2995 858 3035 tuenda
889 2995 1008 3036 Inter
1039 2988 1153 3035 N²v

1847 1197 1904 1237 40
