2046 3138
18 122 47 174 ξ
75 121 248 164 16-20
531 116 618 162 DE
650 115 905 162 FINIBUS
939 115 1089 163 BON.
1124 116 1202 161 ET
1235 114 1388 161 MAL.
1735 123 1806 171 95

109 272 252 322 quae
285 263 412 308 sunt
444 258 589 308 intus
622 259 677 308 in
712 271 955 320 corpore,
997 271 1230 320 quorum
1266 257 1468 307 utilitas
1502 261 1708 319 quanta
1741 257 1810 306 sit

108 347 141 383 a
173 333 400 383 medicis
435 333 599 383 etiam
634 332 954 395 disputatur,
988 332 1096 382 alia
1124 338 1308 382 autem
1336 331 1543 381 nullam
1571 331 1643 381 ob
1670 330 1809 381 utili-

109 412 274 458 tatem
320 408 478 471 quasi
523 407 593 457 ad
639 406 917 470 quendam
960 412 1227 465 ornatum,
1272 411 1331 456 ut
1370 406 1548 456 cauda
1588 406 1808 468 pavoni,

110 482 331 545 plumae
377 481 736 533 versicolores
790 481 1076 540 columbiS,
1127 482 1255 531 viris
1311 494 1587 531 mammae
1642 485 1810 543 atque

60 569 84 603 5
108 556 291 607 barba.
340 555 492 607 Haec
517 556 769 606 dicuntur
793 555 1023 606 fortasse
1049 557 1307 613 ieiunius;
1333 560 1459 605 sunt
1485 556 1630 606 enim
1650 555 1809 618 quasi
1844 550 1901 592 19

109 633 282 694 prima
315 631 588 681 elementa
624 635 865 689 naturae,
911 631 1110 693 quibus
1152 631 1371 681 ubertas
1412 631 1675 681 orationis
1715 630 1810 679 ad·

107 706 278 756 hiberi
310 707 403 755 vix
437 710 632 768 potest,
673 719 776 755 nec
809 705 1067 768 equidem
1110 719 1232 756 eam
1275 706 1457 768 cogito
1493 705 1809 756 consectari.

106 794 297 831 verum
338 785 523 830 tamen
566 794 690 830 cum
725 779 794 830 de
834 780 998 830 rebus
1039 780 1421 843 grandioribus
1455 779 1622 838 dicaS‚
1655 781 1810 842 ipsae

107 869 191 906 res
222 855 393 905 verba
424 855 662 917 rapiunt;
696 855 770 904 ita
795 854 854 904 fit
880 869 1003 904 cum
1030 856 1261 918 gravior,
1295 859 1410 904 tum
1438 855 1602 904 etiam
1629 853 1810 916 splen-

40 941 83 976 ιο
107 929 285 980 didior
318 931 508 980 oratiO.
1744 970 1747 973 ,

181 1003 287 1062 Est,
320 1009 379 1054 ut
411 1004 562 1062 dicis,
595 1005 836 1066 inquam.
900 1004 998 1054 sed
1032 1009 1216 1054 tamen
1251 1017 1431 1062 omne,
1466 1003 1617 1066 quod
1651 1002 1722 1053 de
1754 1016 1811 1053 re

107 1079 256 1130 bona
281 1078 520 1129 dilucide
546 1078 753 1136 dicitur,
779 1078 912 1128 mihi
939 1078 1214 1141 praeclare
1240 1078 1346 1128 dici
1370 1078 1599 1128 videtur.
1655 1078 1810 1128 istius

107 1153 258 1204 modi
292 1158 476 1203 autem
518 1167 603 1203 res
637 1153 817 1203 dicere
850 1158 1040 1203 ornate
1072 1152 1218 1203 velle
1259 1153 1466 1215 puerile
1508 1158 1603 1211 est,
1646 1152 1810 1215 plane

107 1232 292 1278 autem
327 1233 380 1278 et
412 1229 700 1291 perspicue
734 1227 992 1290 expedire
1026 1241 1192 1290 posse
1225 1228 1371 1278 docti
1407 1232 1459 1278 et
1491 1227 1811 1291 intellegen-

40 1315 84 1350 15
107 1304 174 1352 tis
205 1303 320 1353 viri.
1844 1330 1878 1380 6

181 1376 599 1440 Progrediamur
631 1377 806 1440 igitur,
841 1378 1120 1439 quoniam,
1164 1378 1354 1440 inquit,
1395 1377 1465 1427 ab
1499 1376 1584 1427 his
1618 1377 1810 1439 princi·
1843 1401 1904 1443 20

108 1452 212 1514 piis
237 1457 466 1502 naturae
492 1451 860 1510 discessimuS,
887 1451 1088 1514 quibus
1115 1465 1416 1515 congruere
1443 1451 1647 1502 debent
1667 1464 1811 1514 quae

108 1531 425 1589 sequuntur.
466 1527 710 1589 sequitur
736 1530 920 1576 autem
947 1526 1084 1577 haec
1103 1527 1277 1589 prima
1295 1526 1516 1577 divisio:
1541 1525 1812 1576 Aestima-

108 1600 218 1651 bile
252 1614 377 1651 esse
409 1601 598 1650 dicunt
630 1625 700 1632 —
734 1601 812 1650 sic
838 1602 999 1660 enim,
1032 1605 1091 1651 ut
1116 1602 1327 1663 opinor,
1368 1600 1713 1663 appellemus
1740 1625 1810 1632 —-

38 1687 85 1723 20
108 1675 179 1734 id,
213 1675 366 1738 quod
398 1680 494 1725 aut
517 1676 699 1738 ipsum
726 1674 1031 1726 secundum
1057 1680 1307 1725 naturam
1333 1676 1402 1725 sit
1426 1680 1520 1726 aut
1543 1675 1652 1726 tale
1678 1674 1811 1738 quid

108 1749 321 1809 efficiat,
366 1755 425 1800 ut
463 1749 762 1800 selectione
804 1750 1032 1813 dignum
1079 1755 1367 1813 propterea
1399 1751 1480 1809 sit,
1523 1749 1674 1813 quod
1718 1748 1813 1800 ali-

108 1824 260 1888 quod
302 1824 522 1887 pondus
563 1824 766 1875 habeat
805 1824 1036 1888 dignum
1078 1826 1474 1883 aestimatione,
1523 1838 1690 1888 quam
1735 1823 1807 1875 illi

107 1891 269 1957 ἀξίαν
298 1904 516 1958 vocant,
561 1904 860 1962 contraque
900 1899 1316 1958 inaestimabile,
1357 1900 1508 1962 quod
1551 1900 1618 1949 sit
1651 1913 1812 1962 supe-

108 1974 232 2025 riori
259 1975 603 2024 contrarium.
652 1974 817 2024 initiis
843 1974 1004 2037 igitur
1030 1974 1104 2024 ita
1129 1975 1450 2033 constitutiS,
1475 1979 1535 2024 ut
1561 1988 1641 2032 ea,
1667 1987 1812 2037 quae

41 2061 87 2097 25
112 2047 418 2099 secundum
451 2053 701 2098 naturam
735 2053 875 2107 sunt,
909 2050 1030 2111 ipsa
1063 2053 1281 2111 propter
1313 2063 1373 2099 se
1402 2048 1674 2099 sumenda
1706 2050 1814 2098 sint

111 2124 491 2185 contrariaque
524 2124 653 2173 item
687 2123 977 2182 reicienda,
1013 2124 1246 2186 primum
1282 2128 1363 2173 est
1389 2123 1630 2174 officium
1658 2148 1728 2155 -—
1755 2122 1809 2172 id

110 2198 257 2247 enim
291 2196 513 2259 appello
546 2196 801 2259 καθῆκον
834 2222 919 2256 -,
961 2203 1019 2247 ut
1059 2212 1120 2248 se
1161 2203 1447 2248 conservet
1488 2199 1542 2248 in
1583 2203 1810 2248 naturae

109 2276 269 2330 statu,
302 2271 564 2334 deinceps
598 2276 657 2321 ut
690 2285 757 2322 ea
788 2277 986 2331 teneat,
1028 2286 1172 2335 quae
1212 2271 1517 2322 secundum
1559 2277 1810 2322 naturam

112 2346 232 2404 sint,
259 2345 537 2408 pellatque
564 2347 845 2397 contraria.
894 2360 1005 2409 qua
1029 2347 1254 2397 inventa
1278 2347 1577 2398 selectione
1604 2352 1656 2397 et
1681 2348 1810 2397 item

2 2458 5 2465 κ
41 2432 89 2469 ao
112 2421 406 2471 reiectione
431 2421 676 2483 sequitur
701 2420 964 2484 deinceps
990 2435 1114 2471 cum
1140 2421 1323 2473 officio
1343 2422 1583 2480 selectio,
1610 2422 1812 2472 deinde

112 2508 179 2545 ea
211 2499 490 2557 perpetua,
532 2499 646 2544 tum
681 2495 751 2545 ad
787 2500 1088 2545 extremum
1123 2501 1382 2547 constans
1417 2501 1812 2548 consentanea-

185 2657 212 2697 2
245 2657 382 2697 etiam
409 2667 437 2695 a
463 2657 654 2697 medicis
678 2657 716 2698 R
826 2657 880 2698 16
914 2655 1152 2708 quoniam]
1187 2660 1266 2708 qui
1291 2659 1399 2699 ideo
1425 2658 1507 2699 BE
1540 2655 1812 2709 (discerpto,

111 2720 165 2759 ut
195 2718 302 2767 vid„
336 2713 430 2766 (1ὖῦ
463 2718 510 2757 tn
545 2728 590 2766 ql
624 2716 670 2759 ιδ
704 2718 760 2767 cf.
795 2719 860 2758 ad
887 2730 935 2769 ρ.
956 2721 1114 2767 104,24
1146 2721 1193 2759 et
1223 2720 1288 2759 ad
1316 2730 1364 2768 p.
1381 2722 1447 2768 31,
1464 2715 1537 2761 25)
1651 2717 1706 2758 19
1732 2729 1813 2767 ap-

111 2776 336 2827 pellemus
378 2778 530 2819 Bentl.
578 2777 868 2828 appellamus
1032 2777 1088 2818 22
1130 2777 1192 2817 illi
1322 2780 1492 2819 vocant
1531 2778 1692 2819 Pearc.
1738 2778 1814 2818 ille

199 2839 335 2878 vocat
483 2836 540 2877 26
574 2833 785 2887 primum]
821 2838 1014 2887 primum
1048 2838 1170 2877 enim
1203 2837 1286 2878 BE
1326 2831 1607 2889 (‘susp1‘cari
1638 2839 1814 2888 aliquis

107 2897 265 2947 posstt
302 2898 425 2938 enim
458 2898 614 2938 ortum
647 2907 748 2938 esse
787 2907 843 2937 ex
874 2891 1093 2937 hominis’
1129 2894 1275 2947 Mdv.)
1428 2896 1484 2937 29
1521 2908 1614 2947 qua
1649 2891 1815 2938 AVN²

113 2966 204 3006 que
235 2951 348 2996 BN¹
381 2956 410 3008 c]
444 2953 688 3007 (=quae)
720 2955 802 2998 ER
