2046 3138
0 91 1 101 ἶ
77 127 106 179 5
131 128 306 170 49-53
585 121 670 168 DE
703 120 956 168 F1N113us
991 120 1140 168 BON.
1174 119 1251 167 ET
1285 120 1437 167 MAL.
1791 127 1861 179 23

167 265 297 316 satis
332 265 435 316 sibi
469 269 657 316 contra
689 264 974 316 hominum
1010 264 1402 314 conscientiam
1443 263 1618 325 saepti
1654 276 1777 313 esse
1810 267 1862 313 et
1895 269 1947 309 51

168 341 359 390 muniti
398 339 666 398 videntur,
713 339 940 390 deorum
982 343 1166 388 tamen
1208 338 1426 389 horrent
1467 351 1672 400 easque
1712 338 1861 400 ipsas

167 414 577 474 sollicitudineS,
618 414 818 477 quibus
861 427 1048 464 eorum
1095 414 1262 462 animi
1296 418 1599 476 noctesque
1631 412 1862 476 diesque

168 489 484 548 exeduntur,
529 503 562 539 a
595 488 698 538 diis
740 486 1118 538 inmortalibus
1159 487 1411 550 supplicii
1458 500 1626 537 causa
1664 488 1864 549 impor-

120 577 143 611 5
168 565 263 614 tari
309 568 515 627 putant.
571 577 715 626 quae
758 567 941 613 autem
983 567 1135 612 tanta
1179 575 1245 613 ex
1290 563 1553 625 improbis
1597 561 1752 612 factis
1792 561 1862 612 ad

166 638 492 689 minuendas
516 638 663 688 vitae
696 637 976 688 molestias
1001 638 1246 687 accessio
1273 642 1455 699 potest
1487 637 1618 695 fieri,
1653 641 1859 700 quanta

167 712 237 763 ad
271 712 570 776 augendaS,
605 726 728 762 cum
762 712 1098 762 conscientia
1127 711 1406 770 factorum,
1440 717 1555 762 turn
1582 709 1766 774 poena
1790 711 1864 762 le-

166 801 296 852 gum
331 787 573 851 odioque
614 787 852 837 civium?
907 791 960 837 et
992 791 1175 836 tamen
1217 787 1271 835 in
1306 785 1637 849 quibusdam
1678 799 1861 849 neque

166 863 433 925 pecuniae
473 861 672 913 modus
707 866 789 912 est
819 875 1002 924 neque
1043 861 1268 912 honoris
1301 873 1483 924 neque
1517 861 1727 923 imperii
1761 873 1864 911 nec

100 949 142 986 10
168 937 455 987 libidinum
497 950 599 987 nec
641 936 924 999 epularum
966 949 1069 986 nec
1116 935 1445 998 reliquarum
1489 935 1864 998 cupiditatum,

167 1025 304 1075 quas
330 1011 481 1061 nulla
506 1012 711 1074 praeda
734 1024 999 1074 umquam
1018 1010 1268 1073 improbe
1286 1015 1439 1073 parta
1457 1011 1665 1069 minuit,
1692 1005 1865 1072 (sed)

166 1087 348 1149 potius
382 1085 700 1145 inflammat,
733 1091 791 1136 ut
824 1085 1111 1137 coercendi
1145 1085 1322 1148 magis
1357 1099 1522 1148 quam
1553 1085 1864 1136 dedocendi

166 1175 288 1212 esse
319 1161 622 1212 videantur.
679 1160 874 1210 Invitat
907 1161 1067 1224 igitur
1098 1173 1229 1209 vera
1260 1161 1396 1210 ratio
1432 1160 1574 1210 bene
1599 1173 1767 1211 sanos
1793 1159 1863 1210 ad

166 1236 441 1294 iustitiam,
475 1237 824 1299 aequitatem,
858 1235 1040 1294 fidem,
1081 1248 1264 1297 neque
1296 1234 1506 1285 homini
1546 1235 1738 1284 infanti
1772 1239 1865 1285 aut

100 1322 142 1357 15
168 1311 434 1373 inpotenti
468 1311 667 1361 iniuste
692 1310 834 1360 facta
859 1309 1187 1367 conducunt,
1221 1310 1314 1372 qui
1340 1323 1442 1359 nec
1467 1309 1624 1360 facile
1651 1309 1864 1360 efficere

167 1386 355 1448 possit,
390 1385 540 1449 quod
575 1390 813 1443 conetur,
846 1399 950 1435 nec
982 1385 1243 1447 optinere,
1277 1385 1322 1433 si
1357 1384 1608 1443 effecerit,
1641 1389 1696 1435 et
1727 1397 1864 1447 opes

165 1460 254 1510 vel
287 1460 537 1511 fortunae
568 1460 658 1511 vel
699 1460 905 1523 ingenii
946 1459 1254 1509 liberalitati
1295 1460 1472 1523 magis
1514 1459 1864 1518 conveniunt,

169 1549 279 1598 qua
311 1536 404 1598 qui
438 1540 673 1594 utuntur,
708 1534 1138 1585 benivolentiam
1166 1533 1268 1583 sibi
1295 1534 1588 1594 conciliant
1614 1539 1680 1594 et,
1714 1534 1863 1598 quod

171 1610 516 1671 aptissimum
544 1614 626 1660 est
651 1609 720 1659 ad
747 1610 932 1672 quiete
955 1609 1272 1666 vivendum,
1307 1610 1599 1668 caritatem,
1626 1622 1866 1672 praeser-

102 1695 147 1730 20
171 1685 267 1734 tim
302 1699 425 1734 cum
461 1686 688 1735 omnino
722 1684 873 1733 nulla
905 1684 974 1734 sit
1006 1697 1173 1734 causa
1205 1684 1486 1744 peccandi.
1542 1697 1685 1747 quae
1719 1685 1865 1734 enim

168 1759 494 1821 cupiditates
521 1773 554 1808 a
578 1764 771 1809 natura
796 1758 1223 1821 proficiscuntur,
1253 1757 1410 1809 facile
1437 1758 1722 1821 explentur
1747 1759 1864 1809 sine

168 1834 279 1883 ulla
311 1834 519 1892 iniuria,
553 1847 696 1897 quae
729 1838 912 1884 autem
939 1834 1132 1884 inanes
1158 1838 1297 1892 sunt,
1332 1834 1396 1883 iis
1423 1833 1726 1896 parendum
1752 1847 1864 1884 non

168 1913 263 1959 est.
318 1908 452 1958 nihil
494 1910 639 1959 enim
681 1907 1045 1958 desiderabile
1085 1909 1494 1970 concupiscunt,
1536 1908 1770 1971 plusque
1811 1910 1864 1958 in

169 1984 290 2045 ipsa
337 1984 531 2033 iniuria
575 1984 882 2034 detrimenti
928 1987 1010 2033 est
1053 1997 1218 2046 quam
1262 1983 1315 2033 in
1357 1984 1422 2034 iis
1462 1984 1624 2034 rebus
1658 1983 1866 2034 emolu-

100 2068 144 2103 25
170 2059 352 2117 menti,
387 2072 530 2121 quae
564 2059 842 2120 pariuntur
875 2059 1082 2108 iniuria.
1137 2058 1324 2122 Itaque
1357 2072 1427 2108 ne
1460 2059 1720 2108 iustitiam
1751 2059 1866 2121 qui-

170 2132 296 2183 dem
323 2138 466 2183 recte
493 2134 616 2195 quis
643 2133 835 2183 dixerit
861 2146 956 2195 per
981 2147 1040 2183 se
1067 2133 1243 2195 ipsam
1272 2133 1586 2195 optabilem,
1613 2133 1711 2183 sed
1737 2134 1868 2196 quia

172 2207 522 2258 iucunditatis
554 2207 643 2258 vel
677 2206 969 2270 plurimum
1004 2207 1205 2258 afferat.
1262 2222 1389 2257 nam
1417 2207 1569 2271 diligi
1604 2212 1657 2258 et
1681 2221 1864 2257 carum

172 2296 295 2332 esse
335 2282 635 2332 iucundum
678 2286 760 2332 est
799 2287 1107 2344 propterea,
1149 2284 1279 2345 quia
1318 2283 1571 2334 tutiorem
1603 2283 1772 2333 vitam
1814 2286 1867 2333 et

170 2356 512 2420 voluptatem
547 2356 849 2419 pleniorem
884 2357 1061 2407 efficit.
1117 2358 1302 2420 itaque
1334 2372 1447 2408 non
1481 2358 1554 2408 ob
1588 2371 1655 2408 ea
1686 2357 1865 2408 solum

100 2442 146 2477 30
171 2432 538 2490 incommoda,
573 2445 716 2494 quae
750 2432 1010 2482 eveniunt
1043 2433 1301 2495 inprobis,
1335 2432 1652 2496 fugiendam
1687 2430 1867 2495 inpro'-

246 2610 265 2650 1
303 2611 392 2651 sibi
417 2612 575 2651 contra
598 2607 855 2660 hominum]
882 2611 945 2650 ibi
979 2613 1137 2652 contra
1167 2611 1407 2652 hominum
1432 2610 1473 2652 V
1505 2611 1743 2651 hominum
1777 2611 1865 2651 sibi

169 2672 326 2712 contra
356 2669 395 2711 R
487 2667 836 2719 conscientiam]
862 2668 922 2711 τῆ
954 2671 1194 2711 scientiam
1219 2669 1257 2711 R
1288 2671 1635 2712 cumscientiam
1661 2662 1726 2710 Α1
1821 2671 1867 2711 et

169 2741 258 2771 om.
282 2729 318 2770 E
423 2732 469 2771 et
493 2731 654 2770 muniti
679 2741 769 2771 om.
794 2730 832 2771 R
938 2731 964 2772 3
989 2733 1152 2771 noctes
1177 2731 1371 2779 diesque
1395 2730 1434 2771 R
1462 2731 1657 2780 diesque
1680 2732 1864 2771 noctes-

170 2800 261 2839 que
285 2788 322 2830 Β
423 2789 451 2830 4
475 2790 640 2840 inport.
666 2788 707 2829 N
802 2789 852 2830 11
883 2787 1061 2839 minuit]
1087 2790 1283 2830 imminit
1307 2789 1389 2830 BE
1483 2790 1594 2830 add.
1621 2791 1735 2831 dett.
1762 2784 1867 2839 (sed

169 2851 309 2899 auget
333 2850 487 2899 potius
512 2852 651 2899 atque
675 2846 948 2900 inflammat)
1044 2849 1098 2890 17
1131 2849 1312 2890 fortuna
1336 2848 1371 2889 E
1463 2849 1640 2900 ingenii
1666 2850 1770 2891 edd.
1796 2849 1864 2889 in-

170 2909 309 2958 genia
402 2908 456 2949 18
476 2911 659 2950 utantur
681 2908 872 2950 ARNV
963 2909 1019 2949 22
1045 2910 1210 2949 iniuria
1236 2908 1329 2949 ulla
1353 2907 1436 2948 BE
1528 2907 1584 2949 29
1610 2909 1865 2959 pleniorem

170 2967 450 3018 voluptatem
483 2968 566 3009 BE
688 2968 746 3010 30
777 2966 1014 3018 eveniunt]
1048 2972 1094 3010 et
1124 2969 1316 3010 veniunt
1347 2967 1486 3010 ARN

1897 1166 1953 1206 52

1899 1690 1955 1731 53
