2046 3138
0 113 1 190 l
35 118 64 170 §
89 119 265 162 81—85
463 145 465 147 -
544 114 630 160 DE
662 113 916 160 FINIBUS
950 113 1100 161 BON.
1134 113 1212 159 ET
1245 111 1398 159 MAL.
1720 119 1822 169 197

127 257 311 316 potest
348 266 471 304 esse
512 252 806 316 quisquam
844 251 988 303 alius
1026 251 1138 303 alio
1177 252 1430 303 beatior?
1478 250 1723 308 videsne,
1760 255 1820 301 ut

125 327 262 378 haec
285 327 616 378 concinant?
651 332 704 378 et
727 326 947 377 hercule
972 355 1034 361 —
1061 326 1350 377 fatendum
1375 331 1460 377 est
1478 325 1640 383 enim,
1669 324 1819 388 quod

127 401 305 453 sentio
352 429 415 436 ——
462 400 732 452 mirabilis
779 407 863 452 est
910 401 1061 463 apud
1110 401 1237 452 illos
1286 405 1576 451 contextus
1621 413 1819 450 rerum.

125 475 465 539 respondent
516 481 762 527 extrema
817 476 1023 538 primis,
1077 475 1262 526 media
1314 475 1578 538 utrisque,
1631 474 1820 525 omnia

79 566 102 599 5
126 550 398 601 omnibus.
445 550 576 612 quid
614 555 891 612 sequatur,
929 550 1059 612 quid
1096 555 1382 613 repugnet,
1417 549 1623 600 vident.
1669 553 1729 599 ut
1760 548 1814 598 in

123 624 443 688 geometria,
481 625 659 688 prima
698 625 743 675 si
781 624 1016 682 dederis,
1055 624 1242 675 danda
1279 629 1408 675 sunt
1443 625 1646 675 omnia.
1691 637 1818 674 con-

125 699 257 750 cede
295 698 429 749 nihil
467 713 590 750 esse
628 699 853 757 bonum,
891 700 995 749 nisi
1037 699 1186 761 quod
1225 699 1521 750 honesturn
1559 699 1652 749 sit:
1687 711 1814 748 con-

125 773 433 826 cedendum
461 779 545 825 est
575 774 630 824 in
657 775 861 825 virtute
892 771 1084 839 (esse)
1115 775 1355 836 positam
1384 773 1604 824 beatam
1629 774 1817 823 vitam.

0 899 1 916 ¹
123 848 252 900 vide
286 862 478 900 rursus
515 854 685 900 retro:
721 848 853 899 dato
889 848 995 899 hoc
1030 848 1277 898 dandum
1313 849 1415 898 erit
1447 846 1601 897 illud.
1651 846 1814 903 Quod

0 923 2 995 ξ
58 938 100 973 ιο
122 923 292 974 vestri
319 937 429 974 non
460 924 607 974 item.
646 919 790 973 ‘Tria
817 937 1021 986 genera
1050 919 1367 980 bonorum';
1396 922 1627 985 proclivi
1652 922 1819 972 currit

123 998 317 1049 oratio.
369 998 521 1049 venit
563 997 635 1048 ad
678 1003 1010 1055 extremum:
1052 997 1241 1048 haeret
1282 998 1338 1047 in
1383 996 1614 1048 salebra.
1666 997 1818 1059 cupit

122 1073 268 1123 enim
308 1072 489 1123 dicere
528 1072 664 1123 nihil
704 1086 872 1135 posse
911 1072 982 1123 ad
1023 1072 1242 1123 beatam
1282 1072 1454 1122 vitam
1492 1071 1688 1122 deesse
1730 1085 1816 1121 sa-

123 1147 309 1210 pienti.
343 1147 579 1198 honesta
603 1148 797 1205 orati0,
822 1146 1116 1204 Socratica,
1140 1145 1388 1197 Platonis
1413 1147 1595 1197 etiam.
1618 1144 1817 1196 Audeo

123 1221 318 1280 dicere,
342 1222 534 1284 inquit.
570 1221 696 1272 Non
720 1227 894 1284 potes,
917 1222 1023 1272 nisi
1049 1221 1351 1272 retexueris
1375 1220 1485 1271 illa.
1515 1225 1817 1283 paupertas

0 1302 3 1321 ‘
58 1311 99 1346 15
123 1296 168 1348 si
218 1295 428 1347 malum
483 1301 581 1354 est,
634 1295 923 1347 mendicus
975 1295 1172 1347 beatus
1225 1308 1348 1346 esse
1401 1308 1565 1346 nemo
1616 1299 1815 1358 potest,

122 1371 377 1434 quamvis
411 1371 481 1422 sit
516 1371 755 1434 sapiens.
798 1376 855 1421 at
885 1371 1036 1421 Zeno
1070 1384 1196 1421 eum
1229 1384 1341 1420 non
1370 1370 1594 1421 beatum
1630 1368 1815 1427 modo,

122 1445 219 1496 sed
249 1445 415 1496 etiam
448 1445 675 1496 divitem
706 1445 886 1495 dicere
915 1459 1087 1495 ausus
1116 1450 1215 1495 est.
1256 1444 1444 1495 dolere
1467 1443 1677 1494 malurn
1707 1448 1816 1494 est:

121 1520 175 1570 in
211 1533 426 1571 crucem
465 1520 557 1583 qui
592 1520 790 1582 agitur,
825 1519 1021 1570 beatus
1057 1533 1180 1570 esse
1215 1533 1326 1569 non
1359 1523 1558 1581 potest.
1606 1518 1814 1569 bonurn

121 1593 303 1645 liberi:
328 1594 531 1645 misera
558 1594 783 1645 orbitas.
819 1593 1027 1644 bonum
1054 1594 1256 1656 patria:
1284 1594 1547 1644 miserum
1574 1592 1816 1643 exilium.

2 1673 3 1710 i
52 1686 98 1721 20
120 1669 327 1720 bonum
356 1668 634 1720 valitudo:
665 1669 832 1719 miser
859 1668 1102 1719 morbus.
1143 1667 1351 1718 bonum
1381 1668 1671 1731 integritas
1700 1681 1816 1718 cor-

121 1743 297 1806 poris:
322 1744 525 1794 misera
553 1742 827 1794 debilitas.
863 1743 1070 1793 bonum
1097 1742 1390 1793 incolumis
1417 1743 1588 1793 acies:
1615 1742 1816 1793 misera

121 1818 372 1869 caecitas,
430 1831 571 1880 quae
620 1818 665 1867 si
712 1822 896 1880 potest
943 1816 1163 1880 singula
1210 1816 1554 1868 consolando
1613 1817 1814 1875 levare,

119 1892 380 1943 universa
413 1906 523 1955 quo
558 1891 728 1943 modo
763 1891 1096 1943 sustinebit?
1140 1892 1210 1943 sit
1243 1892 1389 1942 enim
1423 1890 1571 1942 idem
1602 1905 1813 1949 caecus,

119 1966 333 2024 debilis,
363 1966 558 2018 morbo
589 1967 923 2029 gravissimo
953 1965 1210 2024 affectus,
1239 1965 1382 2024 exul,
1413 1965 1598 2024 orbus,
1627 1979 1813 2028 egens,

3 2048 5 2112 j
49 2059 95 2094 25
118 2046 442 2105 torqueatur
463 2041 679 2092 eculeo:
707 2053 868 2104 quem
892 2041 1039 2091 hunc
1060 2040 1328 2103 appellas,
1352 2040 1543 2091 Zeno?
1566 2040 1814 2099 Beatum,

4 2119 5 2136 ¹
118 2115 310 2178 i'nquit.
354 2115 531 2167 Etiam
564 2115 988 2166 beatissimum?
1020 2114 1257 2177 Quippe,
1289 2115 1514 2177 inquiet,
1545 2128 1668 2165 cum
1700 2119 1814 2167 tam

118 2190 400 2241 docuerim
446 2190 656 2253 gradus
704 2190 867 2240 istam
914 2203 1028 2240 rem
1075 2203 1186 2240 non
1233 2189 1435 2240 habere
1483 2203 1649 2252 quam
1702 2190 1811 2240 vir-

118 2269 306 2322 tutem,
336 2265 390 2314 in
424 2278 532 2328 qua
563 2264 633 2315 sit
663 2265 845 2327 ipsum
877 2265 1043 2314 etiam
1074 2263 1313 2314 beatum.
1350 2263 1472 2314 Tibi
1504 2264 1611 2315 hoc
1640 2264 1812 2316 incre-

120 2338 302 2395 dibile,
347 2339 497 2402 quod
543 2338 941 2389 beatissimum.
999 2338 1171 2400 quid?
1215 2343 1370 2389 tuum
1418 2338 1717 2390 credibile?
1763 2339 1806 2390 si

187 2497 214 2538 2
248 2495 512 2546 concinant]
547 2498 827 2538 conveniant
859 2496 896 2537 R
1018 2499 1063 2537 et
1095 2508 1184 2538 om.
1217 2496 1300 2537 BE
1415 2494 1558 2547 quod]
1592 2499 1641 2537 ut
1672 2497 1755 2538 BE

114 2556 141 2597 8
174 2558 285 2598 add.
319 2559 431 2598 ante
464 2558 662 2606 positam
692 2557 808 2606 Bai„
839 2558 954 2608 post
985 2557 1182 2606 positam
1212 2557 1335 2598 Mdv.
1458 2557 1597 2597 vitam
1631 2558 1814 2597 beatam

114 2615 196 2657 BE
339 2616 367 2656 9
401 2617 509 2658 dato
543 2618 647 2658 edd.
682 2617 788 2657 date
925 2613 1024 2665 erItl
1059 2619 1128 2657 est
1160 2615 1243 2656 BE
1379 2615 1434 2657 10
1467 2617 1681 2666 proclivis
1712 2616 1754 2657 V

117 2675 171 2716 14
197 2679 331 2725 potes
357 2678 459 2718 cod.
480 2677 692 2727 Gloyav„
710 2675 857 2724 Dav.,·
883 2678 1035 2726 potest
1124 2674 1176 2716 15
1203 2686 1308 2716 esse
1333 2677 1496 2717 beatus
1516 2675 1600 2716 BE
1687 2675 1740 2716 18
1766 2677 1813 2718 in

0 2705 2 2800 t
114 2746 293 2776 crucem
328 2737 407 2786 qui
440 2737 588 2787 agitur
620 2737 720 2777 cod.
738 2736 871 2784 Mor„
906 2747 1054 2786 mat-9.
1075 2734 1233 2784 Crat.,·
1265 2736 1312 2776 in
1339 2746 1518 2776 crucem
1545 2736 1654 2786 quia
1679 2736 1815 2787 igitur

111 2793 194 2835 BE
225 2796 272 2835 in
305 2806 452 2837 cruce.
509 2795 630 2842 Quia
661 2796 798 2846 igitur
827 2795 916 2836 RV
1059 2794 1117 2835 20
1150 2796 1286 2835 miser
1316 2795 1440 2837 Mdv.
1477 2796 1690 2836 miserum
1724 2796 1814 2838 RV

111 2865 200 2895 om.
233 2854 316 2895 BE
439 2855 494 2896 23
529 2855 780 2896 sustinebis
813 2854 895 2895 BE
927 2855 1210 2895 substinebis
1242 2854 1284 2895 V
1412 2855 1469 2895 25
1502 2855 1664 2897 eculeo
1698 2857 1812 2897 dett.

111 2914 273 2955 aculeo
421 2915 478 2955 26
512 2918 602 2954 tam
636 2916 767 2961 dett..
801 2926 890 2955 om.
917 2913 1095 2956 BERV
1232 2914 1289 2955 29
1323 2916 1449 2972 quod
1480 2916 1603 2956 Mdv.
1638 2916 1749 2971 quid
1774 2915 1811 2956 B

112 2972 386 3030 qmassnv

1852 853 1909 894 84

1847 2275 1904 2316 85
