2002 3068
57 89 86 141 ἓ
112 90 250 133 7-11
571 83 656 131 DE
690 82 942 130 FINIBUS
976 81 1126 129 BON.
1160 82 1237 128 ET
1271 81 1422 129 MAL.
1810 90 1843 141 5

219 228 328 279 Sed
356 228 469 278 iure
496 227 724 278 Mucius,
774 239 878 290 ego
913 229 1096 276 autem
1123 225 1301 276 mirari
1326 218 1532 288 (satis)
1556 239 1669 277 non
1696 240 1841 290 queo
1881 231 1933 272 10

144 303 291 354 unde
331 302 438 354 hoc
478 304 545 353 sit
583 306 694 352 tam
737 300 981 352 insolens
1015 300 1440 352 domesticarum
1481 314 1657 352 rerum
1697 300 1844 353 fasti-

144 378 310 429 dium.
367 391 479 429 non
515 382 596 428 est
629 377 855 428 omnino
891 375 980 426 hic
1013 374 1249 426 docendi
1283 375 1461 434 locus;
1495 375 1594 427 sed
1620 375 1695 427 ita
1720 391 1842 428 sen-

143 454 217 504 tio
253 458 305 504 et
338 467 506 515 saepe
541 452 786 511 disserui,
820 450 1067 502 Latinam
1102 450 1348 514 linguam
1382 464 1495 502 non
1521 450 1691 503 modo
1725 465 1838 503 non

95 538 118 573 5
143 528 382 591 inopem,
409 532 466 578 ut
490 526 660 590 vulgo
688 530 952 589 putarent,
979 524 1077 576 sed
1095 524 1512 588 locupletiorem
1532 526 1696 577 etiam
1716 540 1840 579 esse

142 617 308 667 quam
328 601 608 653 Graecam.
657 600 881 664 quando
909 601 1055 651 enim
1082 600 1258 660 nobiS,
1283 599 1371 651 vel
1399 600 1578 651 dicam
1605 607 1698 652 aut
1723 616 1842 653 ora-

139 677 347 728 toribus
373 677 534 728 bonis
561 681 654 727 aut
680 676 872 739 poetiS,
899 680 1094 739 postea
1111 674 1337 738 quidem
1355 689 1523 739 quam
1548 674 1647 727 fuit
1672 690 1838 740 quem

141 752 494 811 imitarentur,
535 751 678 801 ullus
721 751 981 802 orationis
1014 749 1103 801 vel
1145 750 1407 813 copiosae
1439 749 1530 800 vel
1571 750 1839 816 elegantis

141 832 364 878 ornatus
397 826 604 877 defuit?

71 911 113 946 10
211 901 326 965 Ego
352 915 498 960 vero,
525 901 787 964 quoniam
813 900 1122 952 forensibus
1149 900 1345 963 operis,
1378 899 1674 960 laboribuS,
1701 901 1838 964 peri-
1871 903 1904 952 4

139 976 274 1027 culis
307 991 419 1027 non
454 976 763 1027 deseruisse
796 975 929 1025 mihi
961 974 1153 1026 videor
1186 974 1536 1038 praesidium,
1570 975 1625 1026 in
1660 990 1771 1039 quo
1806 990 1839 1027 a

140 1051 349 1114 populo
370 1050 620 1103 Romano
648 1050 859 1102 locatus
886 1064 1023 1110 sum,
1050 1049 1230 1101 debeo
1258 1050 1517 1113 profecto,
1551 1056 1840 1114 quantum-

140 1140 377 1189 cumque
403 1140 649 1189 possum,
683 1126 736 1175 in
765 1139 831 1176 eo
859 1139 1084 1189 quoque
1110 1125 1407 1185 elaborare,
1440 1130 1498 1175 ut
1523 1125 1629 1176 sint
1655 1139 1838 1189 opera,

138 1201 338 1260 studio,
379 1200 567 1252 labore
599 1215 726 1252 meo
762 1200 1034 1251 doctiores
1069 1200 1216 1250 cives
1250 1201 1374 1260 mei,
1419 1214 1523 1251 nec
1563 1214 1686 1251 cum
1721 1201 1838 1252 istis

74 1284 116 1319 15
139 1280 423 1338 tantopere
457 1289 717 1340 pugnare,
751 1275 845 1338 qui
872 1274 1082 1326 Graeca
1115 1274 1299 1338 legere
1331 1275 1536 1333 malint,
1569 1275 1739 1328 modo
1765 1275 1840 1327 le-

139 1355 271 1414 gant
304 1350 396 1401 illa
428 1351 563 1413 ipsa,
596 1365 666 1401 ne
701 1349 971 1408 simulent,
1006 1354 1057 1400 et
1090 1350 1155 1399 iis
1189 1350 1403 1409 servire,
1437 1350 1531 1413 qui
1563 1349 1652 1401 vel
1686 1351 1839 1402 utris-

140 1439 248 1488 que
281 1425 467 1477 litteris
501 1426 578 1476 uti
610 1425 780 1476 velint
811 1424 915 1484 vel,
949 1425 994 1475 si
1027 1438 1156 1475 suas
1190 1424 1409 1484 habent,
1442 1425 1562 1475 illas
1587 1439 1700 1477 non
1725 1440 1839 1477 ma-

138 1513 384 1564 gnopere
410 1500 736 1551 desiderent.
793 1501 886 1563 qui
919 1504 1103 1550 autem
1130 1499 1238 1550 alia
1261 1499 1472 1551 malunt
1497 1500 1657 1551 scribi
1683 1514 1716 1551 a
1740 1515 1838 1553 no·
1874 1506 1922 1547 11

138 1574 236 1634 bis,
270 1576 433 1638 aequi
468 1589 591 1626 esse
625 1575 842 1634 debent,
884 1574 1034 1638 quod
1069 1579 1121 1625 et
1154 1575 1352 1637 scripta
1383 1574 1555 1626 multa
1587 1580 1727 1635 sunt,
1760 1576 1839 1627 sic

71 1658 117 1693 20
143 1654 199 1699 ut
232 1649 387 1712 plura
419 1651 625 1701 nemini
660 1664 690 1700 e
722 1651 936 1709 nostriS,
977 1654 1029 1700 et
1069 1649 1368 1700 scribentur
1406 1650 1635 1701 fortasse
1669 1650 1838 1713 plura,

140 1725 184 1774 si
211 1725 322 1774 vita
355 1730 631 1788 suppetet;
666 1729 718 1775 et
749 1730 948 1783 tamen,
982 1725 1075 1788 qui
1102 1723 1389 1788 diligenter
1414 1724 1565 1784 haee,
1598 1739 1742 1788 quae
1768 1726 1838 1778 de

140 1798 494 1862 philosophia
525 1799 712 1851 litteris
745 1799 1096 1858 mandamuS,
1129 1798 1312 1863 legere
1344 1800 1667 1859 assueverit,
1702 1800 1838 1851 iudi-

140 1874 284 1924 cabit
308 1874 459 1924 nulla
484 1874 555 1924 ad
582 1874 878 1938 legendum
905 1875 990 1924 his
1017 1887 1140 1925 esse
1166 1875 1393 1937 potiora.
1438 1874 1571 1938 quid
1590 1880 1672 1926 est
1690 1876 1835 1926 enim

140 1949 194 1998 in
218 1949 332 1999 vita
363 1954 647 2012 tantopere
681 1949 1057 2012 quaerendum
1083 1963 1249 2011 quam
1277 1963 1401 1999 cum
1427 1951 1615 2000 omnia
1639 1951 1694 2000 in
1720 1951 1838 2013 phi-

71 2022 410 2086 2510sophia,
442 2029 557 2074 tum
592 2024 661 2083 id,
695 2024 846 2087 quod
873 2024 957 2074 his
990 2023 1138 2074 libris
1164 2024 1452 2087 quaeritur,
1485 2025 1579 2087 qui
1604 2025 1672 2075 sit
1695 2024 1835 2085 finis,

139 2098 270 2160 quid
313 2104 628 2158 extremum,
677 2098 809 2162 quid
851 2098 1117 2157 ultimum,
1161 2113 1272 2161 quo
1315 2099 1422 2149 sint
1461 2100 1649 2150 omnia
1692 2100 1834 2152 bene

135 2172 358 2223 vivendi
399 2179 654 2236 recteque
694 2173 930 2224 faciendi
965 2173 1194 2224 consilia
1233 2172 1536 2233 referenda,
1578 2175 1711 2238 quid
1752 2190 1835 2227 se-

137 2252 330 2310 quatur
371 2253 563 2298 natura
603 2253 660 2298 ut
694 2263 971 2298 summum
1013 2262 1078 2299 ex
1111 2248 1274 2299 rebus
1309 2249 1654 2312 expetendiS,
1699 2250 1832 2313 quid

135 2320 305 2386 fugiat
337 2328 394 2373 ut
428 2328 728 2374 extremum
762 2323 1069 2374 malorum?
1117 2337 1228 2386 qua
1260 2323 1330 2374 de
1363 2338 1418 2374 re
1453 2338 1576 2374 cum
1603 2325 1671 2376 sit
1696 2326 1833 2377 inter

66 2403 111 2439 30
136 2395 485 2458 doctissimos
520 2412 737 2448 summa
770 2397 1060 2457 dissensio,
1094 2399 1217 2462 quis
1251 2398 1492 2450 alienum
1527 2405 1679 2462 putet
1713 2402 1831 2452 eius

135 2479 282 2487 -—-.-.—

210 2513 229 2553 1
270 2514 417 2555 mirari
468 2517 580 2556 satis
611 2516 735 2557 Mdv.
776 2517 887 2557 satis
932 2517 1079 2557 mirari
1110 2510 1471 2570 ΑῘ-Μαηυῗήοη
1507 2518 1655 2559 mirari
1690 2518 1830 2561 Bo'clc.

137 2573 282 2613 mirari
325 2570 382 2623 (R
414 2576 462 2615 ἰη
495 2587 586 2626 my.
621 2577 686 2617 ad
718 2574 777 2616 au
810 2577 858 2616 in
889 2569 1183 2629 finef'f'uersus
1211 2587 1316 2628 pos.
1350 2578 1646 2629 adscriptum
1686 2579 1834 2620 habet

133 2643 162 2672 α
195 2645 320 2675 man.
355 2646 441 2676 rec.
475 2632 558 2686 ηδ)
682 2635 707 2676 3
741 2636 816 2676 hic
849 2636 1039 2677 omnino
1072 2635 1156 2677 BE
1277 2636 1303 2677 4
1337 2637 1477 2678 modo
1511 2648 1606 2678 non
1638 2637 1827 2688 inopem

132 2684 196 2732 N'
239 2694 378 2735 modo
431 2695 618 2746 inopem
775 2695 830 2736 10
877 2696 1097 2746 quoniam
1147 2689 1270 2748 Otto:
1317 2707 1407 2737 con
1455 2693 1829 2746 (conforensibus

131 2762 363 2802 super-scr.
397 2755 458 2795 ab
491 2756 576 2797 alt.
602 2767 727 2796 man.
753 2767 782 2795 u
807 2766 911 2806 sup.
939 2766 966 2796 o
989 2752 1169 2806 priore)
1202 2755 1243 2796 N
1274 2755 1304 2797 ὅ
1335 2757 1407 2797 vel
1439 2755 1458 2793 ῖ
1485 2752 1760 2808 (super-scr.)
1791 2757 1830 2799 R

133 2820 235 2851 cum
360 2812 410 2853 11
438 2814 600 2856 videor
623 2808 737 2855 N²V
768 2815 912 2856 videri
1045 2815 1099 2855 12
1131 2826 1232 2856 sum
1258 2817 1373 2858 dett.
1406 2817 1492 2856 sim
1519 2819 1587 2868 «νὴ
1610 2816 1687 2868 ,13
1720 2827 1828 2867 pos·

132 2878 231 2910 sum
264 2869 346 2912 BE
378 2874 551 2922 possim
664 2874 717 2914 15
751 2877 877 2916 tanto
912 2885 1053 2925 opere
1086 2875 1127 2915 N
1223 2876 1397 2916 malunt
1428 2874 1557 2917 BER
1664 2875 1721 2917 20
1747 2887 1827 2918 ne-

134 2928 242 2970 mini
267 2932 371 2974 edd.
405 2934 592 2975 memini
721 2934 777 2974 25
809 2929 888 2985 qui
916 2933 994 2976 Or.
1021 2935 1124 2985 quis
1149 2933 1338 2977 ARNV
1363 2935 1474 2987 quid
1506 2934 1588 2976 BE
