2046 3138
39 137 66 188 §
94 138 210 180 5-9
549 131 635 177 DE
668 129 922 177 FINIBUS
955 128 1105 177 BON.
1139 129 1217 175 ET
1251 128 1404 175 MAL.
1754 135 1822 187 35

128 289 293 338 posse
327 275 420 325 ubi
453 275 522 325 sit
554 278 647 324 aut
680 272 830 337 quod
864 273 933 323 sit
964 272 1135 323 ullum
1181 271 1389 322 bonum
1431 275 1642 334 praeter
1675 269 1824 330 illud,

127 350 278 413 quod
324 350 446 400 cibo
493 354 546 400 et
590 349 817 412 potione
858 352 911 398 et
955 347 1165 397 aurium
1215 346 1580 397 delectatione
1629 350 1681 396 et
1730 345 1824 396 ob-

127 438 294 475 scena
339 424 624 487 voluptate
666 423 922 486 capiatur.
982 435 1051 471 an
1093 421 1230 472 haec
1263 421 1332 471 ab
1375 435 1441 472 eo
1483 435 1596 472 non
1638 420 1825 470 dicun-

127 501 245 550 tur?
1736 543 1738 547 .

80 585 103 620 5
203 573 374 630 Quasi
406 587 538 624 vero
572 587 661 623 me
691 572 910 635 pudeat,
944 572 1133 634 inquit,
1168 571 1409 629 istorum,
1444 575 1537 621 aut
1562 585 1673 622 non
1701 585 1826 634 pos-

126 650 228 699 sim
270 663 434 712 quem
469 648 539 698 ad
573 647 801 698 modum
836 660 903 697 ea
935 646 1182 696 dicantur
1214 645 1525 696 ostendere!

200 723 315 787 Ego
358 737 490 774 vero
535 737 647 774 non
695 721 901 780 dubito,
955 722 1195 784 inquam,
1249 721 1381 783 quin
1426 720 1584 771 facile
1629 721 1826 784 possiS‚

126 813 228 849 nec
262 803 343 849 est
377 798 527 861 quod
561 803 613 848 te
648 797 853 860 pudeat
887 796 1121 859 sapienti
1155 795 1428 854 adsentiri,
1462 796 1556 859 qui
1582 809 1642 845 se
1668 810 1826 854 unuS,

127 873 277 936 quod
311 874 496 931 sciam,
531 873 836 935 sapientem
870 871 1109 934 profiteri
1135 871 1203 920 sit
1228 884 1410 921 ausus,
1466 884 1595 920 nam
1630 870 1827 921 Metro-

59 958 102 993 10
127 948 320 999 dorum
362 962 473 998 non
516 952 648 1010 puto
691 948 871 1009 ipsum
907 946 1229 1009 professum,
1270 945 1384 1004 sed,
1427 959 1551 995 cum
1585 945 1826 1008 appella-

125 1028 267 1074 retur
292 1023 360 1072 ab
387 1022 633 1085 Epicuro,
658 1021 946 1084 repudiare
971 1025 1181 1071 tantum
1200 1020 1530 1070 beneficium
1558 1020 1826 1078 noluisse;

126 1102 337 1161 septem
382 1102 566 1147 autem
612 1096 686 1146 illi
731 1110 843 1147 non
885 1110 1003 1155 su0,
1048 1095 1147 1146 sed
1191 1094 1522 1158 populorum
1564 1095 1825 1159 suffragio

127 1173 372 1223 omnium
407 1172 673 1222 nominati
715 1176 854 1222 sunt.
909 1170 1112 1221 Verum
1146 1170 1252 1221 hoc
1292 1169 1415 1221 loco
1451 1184 1611 1221 sumo
1643 1170 1826 1221 verbis
1861 1176 1887 1216 8

127 1247 211 1297 his
245 1247 479 1298 eandem
514 1251 656 1297 certe
687 1247 800 1295 vim
825 1245 1124 1308 voluptatis
1150 1244 1439 1307 Epicurum
1466 1259 1633 1296 nosse
1660 1259 1826 1308 quam

60 1332 102 1367 15
127 1327 351 1374 ceteros
401 1335 595 1373 omnes
623 1322 768 1372 enim
795 1320 1094 1370 iucundum
1121 1324 1347 1379 motum,
1382 1335 1493 1383 quo
1521 1334 1717 1370 sensus
1750 1320 1828 1369 hi-

128 1397 337 1456 laretur,
373 1395 580 1447 Graece
614 1391 838 1459 ἡδονήν,
871 1395 1061 1446 Latine
1092 1394 1503 1457 voluptatem
1535 1399 1752 1446 vocant.

202 1470 348 1528 Quid
384 1476 465 1522 est
498 1472 672 1535 igitur,
707 1471 895 1533 inquit,
929 1469 1080 1533 quod
1113 1470 1394 1532 requiras?

202 1546 410 1606 Dicam,
459 1547 699 1609 inquam,
749 1550 802 1596 et
849 1545 1072 1608 quidem
1123 1544 1370 1595 discendi
1419 1558 1586 1595 causa
1635 1546 1827 1608 magis,

129 1636 295 1685 quam
330 1636 440 1685 quo
474 1626 528 1671 te
561 1626 655 1671 aut
686 1620 976 1683 Epicurum
1009 1619 1402 1682 reprehensum
1433 1619 1616 1671 velim.

58 1706 104 1741 20
202 1696 316 1760 Ego
351 1710 590 1759 quoque,
625 1696 814 1758 inquit,
848 1694 1129 1745 didicerim
1155 1694 1428 1753 libentius,
1462 1696 1506 1744 si
1533 1695 1665 1758 quid
1692 1699 1828 1746 attu-

130 1771 267 1830 leris,
302 1785 467 1834 quam
502 1775 554 1821 te
587 1769 1043 1833 reprehenderim.

202 1846 454 1896 Tenesne
499 1846 672 1909 igitur,
722 1847 962 1907 inquam,
999 1844 1372 1913 'Hieronymus
1406 1843 1652 1896 Rhodius
1694 1845 1827 1908 quid

129 1921 272 1971 dicat
317 1935 439 1971 esse
483 1935 760 1970 summum
802 1920 1025 1978 bonum,
1071 1933 1182 1983 quo
1224 1925 1376 1983 putet
1418 1921 1605 1970 omnia
1648 1919 1826 1971 referri

129 1997 417 2058 oportere?

60 2079 105 2114 25
202 2070 406 2130 Teneo,
440 2070 628 2133 inquit,
663 2069 830 2119 finem
865 2069 941 2119 illi
973 2069 1146 2120 videri
1180 2069 1313 2119 nihil
1349 2069 1550 2121 dolere.

203 2144 386 2200 Quid?
435 2145 580 2195 idem
616 2145 731 2202 iste,
773 2145 1014 2207 inquam,
1049 2144 1118 2195 de
1150 2145 1435 2207 voluptate
1469 2144 1602 2207 quid
1629 2145 1828 2196 sentit?

202 2220 380 2283 Negat
413 2234 535 2270 esse
570 2233 706 2277 eam,
741 2219 929 2281 inquit,
957 2224 1175 2282 propter
1208 2233 1267 2270 se
1301 2219 1682 2282 expetendam.
1861 2227 1887 2267 9

202 2293 367 2345 Aliud
408 2296 568 2358 igitur
602 2307 724 2344 esse
765 2298 952 2344 censet
983 2294 1239 2357 gaudere,
1281 2294 1430 2344 aliud
1470 2308 1583 2345 non
1625 2295 1827 2346 dolere.

202 2369 264 2420 Et
297 2370 536 2432 quidem,
570 2369 758 2431 inquit,
790 2369 1146 2419 vehementer
1180 2374 1338 2428 errat;
1383 2383 1527 2429 nam,
1561 2375 1619 2420 ut
1659 2370 1825 2433 paulo

62 2453 107 2488 30
130 2449 256 2495 ante
290 2445 468 2503 docui,
502 2442 793 2507 augendae
816 2443 1116 2506 voluptatis
1148 2443 1273 2494 finis
1308 2449 1389 2495 est
1415 2444 1620 2496 doloris
1647 2446 1827 2495 omnis

129 2520 350 2571 amotio,

206 2682 259 2724 13
292 2682 460 2724 Verum
487 2713 522 2724 ..
539 2714 548 2723 .
575 2679 841 2732 voluptatis]
874 2681 994 2723 Non.
1024 2694 1072 2734 p.
1096 2686 1178 2723 396
1215 2693 1371 2724 verum
1399 2713 1408 2724 .
1426 2713 1461 2723 ..
1487 2679 1672 2732 vocant]
1706 2681 1826 2723 Non.

126 2754 173 2793 p.
200 2746 272 2782 121
426 2743 485 2784 de
516 2743 668 2784 verbis
698 2741 818 2783 Non.
849 2754 896 2793 ρ.
920 2746 1002 2783 396
1160 2741 1216 2783 14
1250 2745 1373 2784 certe
1405 2754 1495 2784 om.
1527 2741 1647 2783 Non.
1677 2754 1725 2794 ρ.
1749 2747 1831 2782 396

202 2812 298 2843 non
323 2813 428 2845 esse
453 2803 524 2843 vel
552 2813 647 2844 non
680 2813 821 2843 nosse
844 2801 964 2843 Non.
1072 2801 1126 2842 15
1158 2802 1375 2844 hilaretur
1397 2796 1461 2842 Ν2
1477 2801 1596 2843 Νοη.
1630 2803 1829 2844 hiaretur

131 2856 383 2903 ABERN¹
413 2860 540 2914 yare‘t
566 2863 790 2914 sequente
813 2863 974 2913 spatio
1005 2867 1031 2902 4
1061 2862 1160 2913 fere
1184 2863 1275 2903 litt.
1307 2861 1349 2903 V
1474 2861 1528 2902 16
1560 2862 1826 2904 hedoneum

130 2919 249 2963 Non.
382 2921 438 2963 22
472 2919 600 2973 quid]
635 2923 762 2973 quod
794 2921 936 2963 ANV
1068 2921 1125 2963 23
1158 2922 1332 2962 bonum
1365 2933 1592 2962 summum
1626 2921 1708 2962 BE

133 2979 188 3020 26
220 2981 406 3032 inquam
440 2994 529 3024 om.
562 2982 599 3024 R
722 2981 778 3022 29
812 2981 950 3031 paulo
984 2978 1108 3030 ante]
1145 2979 1167 3021 I
1185 2985 1350 3022 37—39

1496 3057 1559 3097 3*
