2046 3138
155 506 212 547 44

245 143 356 194 ‘106
674 135 759 180 DE
791 134 1046 181 FINIBUS
1079 135 1229 182 BON.
1262 136 1341 181 ET
1374 136 1525 183 MAL.
1626 139 2032 182 Lib.111c.13—15

245 293 348 330 nos
383 279 533 330 bona
563 292 692 328 vere
726 277 1084 340 appellemus,
1118 277 1421 340 frequentia
1449 278 1748 330 beatiorem
1773 280 1941 330 vitam

245 354 360 407 fieri
406 358 499 403 aut
544 353 720 416 magis
766 351 1131 415 expetendam
1177 356 1270 402 aut
1314 351 1480 414 pluris
1529 354 1943 413 aestimandam,

228 426 387 479 ‘certe
419 429 600 478 minus
642 427 712 476 ad
754 427 973 477 beatam
1013 427 1183 476 vitam
1229 428 1460 489 pertinet
1498 427 1789 479 multitudo
1832 443 1945 479 cor-

246 503 392 565 poris
427 501 860 553 commodorum.
917 502 1133 560 etenim,
1174 502 1219 551 si
1265 506 1318 552 et
1350 515 1542 564 sapere
1576 503 1943 565 expetendum

244 577 312 627 sit
346 581 399 627 et
429 576 628 635 valere,
663 577 1015 627 coniunctum
1049 580 1340 639 utrumque
1369 577 1546 639 magis
1573 577 1941 639 expetendum
1989 588 2012 623 5

244 652 313 701 sit
347 665 513 713 quam
546 664 740 714 sapere
773 650 969 709 solum,
1010 664 1192 713 neque
1225 655 1424 710 tamen,
1466 653 1511 701 si
1553 656 1842 715 utrumque
1877 653 1945 702 sit

244 726 626 777 aestimatione
667 725 911 788 dignum,
957 724 1124 788 pluris
1166 726 1234 775 sit
1275 726 1625 776 coniunctum
1659 739 1825 789 quam
1859 741 1943 777 sa-

245 814 372 863 pere
391 802 570 863 ipsum
590 801 897 862 separatim.
925 813 1054 850 nam
1074 800 1167 863 qui
1180 799 1540 850 valitudinem
1559 802 1942 852 aestimatione

244 875 430 938 aliqua
472 875 697 938 dignam
738 874 1044 924 iudicamus
1089 888 1271 937 neque
1305 888 1427 925 eam
1469 879 1652 926 tamen
1686 875 1943 926 inbonis

244 950 516 1012 ponimuS,
551 949 697 999 idem
732 962 1021 999 censemus
1054 948 1262 999 nullam
1296 963 1419 999 esse
1451 954 1658 1000 tantam
1692 951 1944 1000 aestima·
1970 960 2013 995 ιο

244 1025 465 1082 tionem,
506 1028 565 1074 ut
605 1037 672 1074 ea
702 1024 883 1074 virtuti
917 1028 1294 1086 anteponatur.
1358 1024 1508 1087 quod
1550 1024 1696 1074 idem
1729 1024 1943 1087 Peripa-

245 1100 389 1149 tetici
415 1112 527 1149 non
553 1102 755 1157 tenent,
790 1098 990 1161 quibus
1021 1098 1316 1148 dicendum
1343 1103 1438 1157 est,
1465 1112 1608 1161 quae
1635 1104 1687 1149 et
1711 1099 1946 1150 honesta

244 1174 386 1224 actio
421 1174 490 1224 sit
523 1178 576 1224 et
607 1174 726 1224 sine
767 1173 972 1232 dolore,
1018 1186 1140 1223 earn
1182 1174 1358 1236 magis
1400 1187 1522 1224 esse
1563 1173 1944 1236 expetendam,

246 1262 411 1311 quarn
454 1249 499 1297 si
541 1252 686 1298 esset
727 1247 923 1298 eadem
965 1248 1107 1298 actio
1149 1262 1273 1298 cum
1319 1247 1523 1298 dolore.
1586 1248 1747 1298 nobis
1793 1248 1944 1299 aliter

243 1322 474 1381 videtur,
500 1327 643 1373 recte
669 1336 915 1380 secusne,
943 1326 1160 1385 postea;
1186 1322 1284 1372 sed
1304 1327 1557 1385 potestne
1576 1337 1752 1373 rerum
1770 1323 1944 1374 maior
1970 1333 2013 1368 15

163 1432 227 1482 14
247 1411 370 1448 esse
403 1397 674 1448 dissensio
689 1399 716 1448 ?

156 1504 212 1545 45

320 1471 390 1522 Ut
432 1473 578 1523 enim
621 1472 939 1523 obscuratur
981 1475 1034 1522 et
1074 1471 1370 1522 offunditur
1413 1471 1536 1522 luce
1579 1471 1712 1522 solis
1757 1471 1942 1523 lumen

244 1546 514 1605 lucernae,
557 1551 610 1597 et
649 1551 707 1597 ut
750 1546 929 1596 interit
959 1539 1087 1608 <in>
1119 1546 1498 1609 magnitudine
1538 1547 1701 1596 maris
1733 1545 1943 1609 Aegaei

244 1621 388 1671 stilla
420 1621 613 1680 melliS,
648 1626 700 1672 et
731 1625 791 1671 ut
822 1622 877 1671 in
904 1620 1106 1671 divitiis
1133 1619 1319 1671 Croesi
1352 1621 1578 1671 teruncii
1612 1622 1856 1672 accessio
1891 1626 1944 1671 et

242 1695 444 1759 gradus
485 1710 627 1746 unus
668 1697 723 1745 in
765 1709 832 1746 ea
869 1695 976 1754 via,
1020 1708 1164 1758 quae
1205 1700 1287 1746 est
1326 1695 1452 1746 hinc
1492 1696 1546 1746 in
1579 1695 1803 1754 Indiam,
1848 1697 1940 1755 sic,
1964 1705 2010 1741 zo

243 1785 367 1821 cum
409 1771 477 1820 sit
516 1771 561 1821 is
603 1770 875 1821 bonorum
920 1770 1059 1829 finis,
1100 1784 1265 1832 quern
1307 1769 1475 1821 Stoici
1516 1770 1716 1828 dicunt,
1762 1771 1941 1820 omnis

243 1846 347 1896 ista
379 1859 555 1896 rerum
583 1859 966 1907 corporearum
993 1845 1301 1895 aestimatio
1336 1844 1630 1907 splendore
1653 1845 1863 1894 virtutis
1890 1850 1942 1895 et

242 1919 623 1983 magnitudine
657 1919 974 1970 obscuretur
1007 1923 1060 1969 et
1095 1919 1352 1970 obruatur
1385 1924 1550 1981 atque
1591 1919 1818 1970 intereat
1850 1933 1942 1970 ne-

243 2008 397 2045 cesse
432 1998 527 2045 est.
584 1998 636 2044 et
670 2007 835 2057 quem
868 1993 939 2044 ad
965 1993 1193 2044 modum
1221 1994 1561 2056 oportunitas
1588 2018 1658 2025 —-
1684 1994 1763 2043 sic
1795 1994 1940 2044 enim

241 2068 584 2132 appellemus
611 2063 898 2130 εὐκαιρίαν
915 2093 985 2101 -
1003 2082 1117 2119 non
1144 2067 1203 2117 fit
1227 2069 1400 2118 maior
1426 2067 1784 2131 productione
1810 2072 1942 2118 tem-
1966 2078 2011 2113 25

242 2144 389 2206 poris
424 2167 493 2176 -—
529 2143 734 2194 habent
760 2143 905 2193 enim
932 2157 1093 2193 suum
1119 2142 1363 2201 modum,
1398 2156 1541 2205 quae
1567 2147 1839 2205 oportuna
1865 2143 1942 2192 di-

242 2223 434 2268 cuntur
481 2242 566 2276 -‚
610 2219 689 2268 sic
728 2222 873 2268 recta
915 2217 1128 2268 effectio
1171 2241 1241 2251 -
1283 2213 1639 2281 κατόρθωσιν
1679 2217 1824 2268 enim
1869 2217 1943 2267 ita

244 2292 480 2355 appe110,
523 2292 787 2355 quoniam
821 2296 1025 2343 rectum
1068 2291 1269 2342 factum
1305 2287 1640 2353 κατόρθωμα
1672 2315 1758 2350 -,
1798 2296 1943 2342 recta

243 2367 403 2430 igitur
429 2366 658 2425 effectio,
684 2367 813 2418 item
835 2367 1234 2425 convenientia,
1261 2366 1501 2428 denique
1519 2366 1699 2428 ipsum
1718 2365 1941 2424 bonum,

244 2441 393 2503 quod
420 2442 474 2491 in
502 2455 569 2491 eo
597 2442 837 2503 positum
864 2445 959 2499 est,
985 2445 1044 2491 ut
1064 2445 1290 2491 naturae
1316 2441 1636 2498 consentiat,
1663 2439 1940 2491 crescendi
1964 2449 2011 2486 ao

324 2587 378 2628 15
411 2588 495 2629 sed
528 2591 681 2639 potest
712 2599 772 2629 ne
803 2588 844 2630 V
888 2589 971 2629 sed
1005 2591 1172 2638 postne
1203 2587 1294 2629 AB
1335 2588 1419 2628 sed
1460 2590 1566 2638 post
1604 2598 1664 2628 ne
1695 2586 1730 2627 E
1769 2586 1853 2627 sed
1884 2597 1944 2626 ne

245 2643 390 2697 (inter
421 2648 505 2689 sed
537 2650 584 2689 et
612 2658 674 2689 ne
707 2659 802 2691 ras.
835 2649 1039 2690 duarum
1070 2649 1166 2699 fere
1198 2643 1310 2697 litt)
1339 2646 1378 2688 R
1411 2647 1497 2688 sed
1528 2644 1622 2697 pb‘r
1652 2656 1712 2687 ne
1744 2642 1857 2696 (ρὸῗ
1888 2657 1943 2687 ex

243 2718 363 2750 corr.
396 2708 480 2748 alt.
514 2719 588 2757 m.,
619 2717 648 2746 τ
680 2708 728 2748 in
761 2703 877 2757 ras.)
910 2707 952 2748 N
1045 2706 1100 2748 18
1132 2708 1245 2748 add.
1276 2706 1431 2748 Halm.
1531 2705 1588 2746 22
1621 2715 1939 2756 corporearum

241 2768 357 2808 dett.
391 2767 763 2816 incorporearum
795 2766 883 2808 RN
915 2766 963 2807 in
995 2776 1187 2817 corpore
1220 2762 1414 2816 (incorp.
1446 2762 1501 2816 E)
1534 2765 1691 2805 harum
1723 2763 1859 2804 ABE
1891 2765 1939 2804 in

242 2836 434 2876 corpore
465 2826 650 2867 sitarum
683 2825 725 2867 V
826 2825 882 2866 27
917 2817 1214 2875 κατόρθωσιν
1305 2824 1489 2866 effectio
1515 2820 1576 2874 (υ.
1593 2820 1665 2874 29)
1690 2834 1779 2864 om.
1804 2822 1843 2864 R

241 2912 297 2954 28
337 2915 557 3014 quoduam
588 2913 632 2956 A
664 2889 775 2966 ania
810 2910 856 2966 (0
890 2917 937 2956 et
967 2916 1015 2956 in
1047 2926 1142 2957 ras.
1176 2911 1255 2955 nia
1289 2914 1351 2955 ab
1383 2915 1466 2955 alt.
1499 2909 1578 2963 m.)
1610 2912 1652 2954 N
1691 2911 1819 2962 quod
1849 2911 1932 2952 BE

242 2983 414 3022 quomo
451 2983 478 3013 o
