2046 3138
165 1036 219 1077 19

161 1927 217 1968 20

255 149 358 200 164
673 141 759 187 DE
791 139 1044 188 FINIBUS
1077 139 1226 212 BON.
1259 140 1339 186 ET
1370 139 1522 188 MAL.
1697 144 1846 187 Lib.V
1862 142 2029 186 c.7—8

249 280 641 343 vationemque
671 279 919 330 omnium
947 280 1202 343 partium,
1231 278 1610 337 valitudinem,
1639 292 1835 330 sensus
1861 280 1940 329 in-

235 359 453 417 tegros,
478 353 689 405 doloris
711 354 1063 413 vacuitatem,
1083 353 1233 412 viris,
1255 352 1737 416 pulchritudinem,
1760 358 1943 404 cetera

251 429 470 491 generis
499 427 765 487 eiusdem,
797 441 1032 491 quorum
1062 427 1264 479 similia
1292 433 1421 479 sunt
1451 428 1628 490 prima
1656 428 1711 477 in
1741 427 1939 477 animis

252 502 411 566 quasi
444 502 712 553 virtutum
748 501 975 566 igniculi
1010 507 1063 553 et
1098 503 1324 553 semina.
1371 500 1449 552 Ex
1483 501 1569 552 his
1603 501 1778 553 tribus
1815 515 1937 552 cum

251 590 422 627 unum
465 575 676 640 aliquid
720 577 804 635 sit,
848 589 957 640 quo
999 576 1237 639 primum
1280 581 1478 627 natura
1519 581 1809 627 moveatur
1848 574 1936 626 vel
1987 589 2010 622 5

250 650 321 701 ad
368 650 745 714 appetendum
790 649 881 702 vel
925 650 997 701 ad
1042 649 1438 714 repellendum,
1483 663 1586 701 nec
1644 650 1937 713 quicquam

251 725 477 775 omnino
510 730 728 788 praeter
763 724 902 775 haec
929 725 1033 776 tria
1064 725 1242 787 possit
1274 737 1412 783 esse,
1448 738 1673 775 neoesse
1707 730 1793 774 est
1823 737 1939 774 om-

249 799 381 850 nino
428 798 683 850 officium
730 804 827 851 aut
871 798 1125 862 fugiendi
1170 804 1266 850 aut
1313 798 1582 861 sequendi
1627 798 1698 848 ad
1745 811 1936 849 eorum

250 873 459 936 aliquid
507 872 714 932 referri,
761 878 822 924 ut
865 872 961 923 illa
1005 872 1314 935 prudentia,
1362 886 1527 936 quam
1572 877 1745 923 artem
1789 873 1938 923 vitae

249 961 373 998 esse
411 947 668 1006 diximuS,
707 948 762 998 in
800 961 989 998 earum
1027 947 1192 999 trium
1231 960 1412 998 rerum
1450 946 1637 1010 aliqua
1672 951 1937 1005 versetur,
1964 959 2008 995 10

249 1035 283 1072 a
311 1035 421 1085 qua
451 1022 622 1073 totius
650 1022 799 1074 vitae
828 1021 994 1073 ducat
1019 1021 1330 1072 exordium.
1369 1034 1437 1072 ex
1464 1034 1532 1072 eo
1561 1025 1762 1079 autem,
1788 1020 1936 1083 quod

250 1096 504 1147 statuerit
545 1109 682 1155 esse,
726 1109 836 1159 quo
877 1096 1116 1159 primum
1155 1100 1354 1147 natura
1395 1101 1698 1154 moveatur,
1740 1095 1939 1145 existet

250 1170 381 1221 recti
416 1170 582 1222 etiam
619 1171 760 1222 ratio
795 1175 962 1233 atque
994 1169 1228 1228 honesti,
1267 1183 1408 1233 quae
1443 1183 1566 1220 cum
1601 1183 1713 1220 uno
1748 1168 1935 1231 aliquo

247 1258 316 1295 ex
356 1244 532 1295 tribus
575 1244 684 1295 illis
726 1257 1030 1308 congruere
1070 1244 1262 1307 possit,
1305 1249 1366 1295 ut
1405 1249 1502 1295 aut
1541 1243 1598 1294 id
1639 1243 1934 1294 honestum

250 1319 334 1377 sit,
367 1317 549 1369 faoere
583 1319 774 1368 omnia
807 1317 940 1383 [aut]
973 1317 1282 1381 voluptatis
1316 1331 1499 1376 causa,
1533 1318 1701 1368 etiam
1738 1318 1784 1367 si
1815 1330 1937 1367 eam
1966 1333 2008 1367 15

248 1406 359 1443 non
396 1406 750 1456 consequare,
786 1398 883 1443 aut
915 1406 1027 1443 non
1062 1391 1304 1451 dolendi,
1339 1393 1506 1443 etiam
1541 1392 1587 1442 si
1621 1391 1678 1442 id
1714 1391 1936 1454 assequi

248 1480 508 1530 nequeas,
555 1472 651 1518 aut
697 1479 905 1526 eorum,
952 1480 1094 1530 quae
1140 1465 1444 1517 secundum
1490 1471 1746 1517 naturam
1794 1471 1936 1524 sunt,

249 1540 610 1605 adipiscendi,
672 1540 839 1592 etiam
888 1541 934 1591 si
978 1540 1114 1591 nihil
1176 1554 1530 1603 consequare.
1603 1541 1680 1591 ita
1740 1539 1806 1591 fit
1861 1545 1936 1598 ut,

252 1620 458 1678 quanta
495 1614 815 1666 differentia
851 1621 935 1665 est
973 1615 1026 1664 in
1065 1615 1348 1677 principiis
1386 1613 1747 1672 naturalibus,
1785 1618 1937 1664 tanta

246 1690 317 1740 sit
373 1690 429 1739 in
485 1688 695 1740 finibus
752 1689 1026 1740 bonorum
1084 1689 1469 1752 malorumque
1525 1687 2007 1739 dissimilitud0.2o

246 1763 338 1814 alii
396 1778 614 1814 rursum
670 1763 848 1814 isdem
904 1777 938 1813 a
995 1763 1279 1826 principiis
1334 1776 1498 1814 omne
1553 1762 1807 1813 officium
1856 1775 1938 1813 re-

245 1837 424 1888 ferent
463 1843 559 1889 aut
596 1837 668 1888 ad
707 1837 1054 1900 voluptatem
1095 1842 1191 1888 aut
1227 1837 1299 1887 ad
1337 1850 1450 1887 non
1494 1835 1796 1887 dolendum
1840 1842 1936 1887 aut

248 1911 317 1962 ad
352 1912 531 1975 prima
561 1911 658 1962 illa
687 1911 992 1963 secundum
1021 1916 1276 1962 naturam
1308 1910 1627 1974 optinenda.
1667 1910 1936 1973 expositis

249 1987 359 2037 iam
397 1987 565 2050 igitur
604 2000 701 2038 sex
737 1986 808 2037 de
844 2000 1062 2037 summo
1100 1986 1248 2038 bono
1286 1986 1572 2038 sententiis
1609 1987 1773 2038 trium
1813 1999 1938 2049 pro-

248 2061 521 2112 ximarum
555 2061 610 2112 hi
648 2061 949 2124 principes:
982 2060 1290 2123 voluptatis
1322 2060 1656 2123 Aristippus,
1692 2074 1804 2111 non
1839 2060 1937 2111 do·
1960 2076 2005 2111 25

248 2135 394 2186 lendi
434 2134 821 2199 Hieronymus,
860 2134 1080 2186 fruendi
1116 2134 1280 2186 rebus
1315 2135 1397 2193 iis,
1437 2148 1574 2197 quas
1611 2135 1817 2197 primas
1853 2148 1936 2185 se-

248 2208 490 2260 cundum
534 2214 790 2260 naturam
835 2222 959 2260 esse
1003 2208 1259 2267 diximuS,
1303 2207 1617 2259 Carneades
1677 2207 1935 2263 non.ille

249 2283 471 2346 quidem
514 2288 721 2342 auctor,
765 2282 864 2339 sed
907 2282 1170 2335 defensor
1225 2282 1533 2334 disserendi
1593 2295 1761 2333 causa
1813 2281 1933 2333 fuit.

248 2358 562 2421 superiores
600 2362 711 2408 tres
750 2362 919 2415 erant,
958 2370 1100 2419 quae
1135 2370 1259 2407 esse
1298 2362 1541 2419 possent,
1581 2370 1812 2419 quarum
1850 2362 1934 2407 est

244 2445 356 2482 una
393 2431 514 2487 sola
552 2430 799 2490 defensa,
835 2443 1011 2494 eaque
1045 2430 1413 2482 vehementer.
1461 2444 1590 2480 nam
1625 2429 1931 2493 voluptatis
1955 2446 2001 2482 30

246 2519 412 2556 causa
451 2505 634 2556 facere
672 2505 873 2563 omnia,
911 2518 1050 2563 cum,
1086 2504 1302 2556 etiamsi
1341 2503 1476 2555 nihil
1514 2517 1930 2567 consequamur,

318 2648 345 2689 3
378 2648 523 2698 prima
553 2659 643 2690 om.
675 2648 713 2689 R
865 2648 891 2688 5
924 2648 1099 2697 aliquid
1136 2647 1247 2688 Wes.
1281 2647 1470 2697 aliquod
1595 2647 1786 2696 primum
1820 2647 1933 2686 dett.

245 2708 390 2757 prima
420 2706 502 2748 BE
534 2708 679 2757 primo
710 2707 853 2749 RNV
1003 2706 1031 2747 6
1064 2707 1124 2747 ad
1155 2703 1328 2758 (prius)
1361 2718 1451 2747 om.
1483 2705 1662 2747 BERN
1793 2704 1821 2744 9
1853 2705 1933 2744 ali-

245 2796 373 2846 quod
403 2795 485 2836 BE
631 2796 685 2838 13
718 2797 874 2846 aliquo
906 2807 1000 2837 uno
1031 2795 1115 2836 BE
1254 2795 1308 2836 14
1341 2795 1501 2844 possit.
1534 2769 1564 2834 ιῗ
1602 2797 1680 2833 aut
1721 2804 1815 2834 non
1852 2794 1932 2834 do-

244 2855 369 2896 lendi
401 2856 464 2896 ita
494 2856 553 2896 SIt
583 2858 632 2896 ut
663 2859 834 2906 quanta
866 2852 928 2906 (υ.
955 2852 1024 2905 19)
1056 2854 1093 2895 R
1125 2856 1224 2896 rell.
1257 2866 1346 2895 om.
1497 2853 1550 2893 15
1582 2854 1687 2894 secl.
1719 2852 1843 2894 Mdv.

247 2914 302 2954 16
341 2915 478 2955 etiam
511 2908 576 2955 Ν2
607 2916 655 2956 in
687 2927 804 2965 rae„
845 2918 923 2955 aut
953 2914 1086 2956 BEV
1220 2914 1274 2955 18
1313 2914 1376 2953 ita
1406 2906 1471 2953 N²
1508 2915 1586 2952 aut
1617 2922 1711 2952 non
1745 2912 1932 2952 dolendi

245 2974 306 3012 ita
338 2973 375 3014 R
407 2971 484 3024 (cf.
514 2975 579 3015 ad
610 2986 649 3015 υ.
677 2971 760 3025 14),
793 2974 834 3014 N
845 2968 927 3022 ¹V;
961 2977 1038 3014 aut
1069 2973 1210 3015 nichil
1242 2972 1429 3014 dolendi
1462 2972 1524 3011 lta
1555 2971 1637 3011 BE
1796 2983 1798 2986 ’
