2046 3138
209 159 279 212 48
632 150 718 198 DE
751 149 1004 197 FINIBUS
1039 147 1188 197 BON.
1222 149 1300 195 ΕΤ
1333 149 1484 196 MAL.
1599 153 1984 196 Lib.11c.10—11

210 296 253 345 si
288 295 371 345 dis
405 294 596 357 placet,
617 289 699 342 'ab
725 291 956 354 Epicuro
990 291 1142 353 loqui
1168 290 1443 342 discimus,
1500 292 1544 341 si
1571 295 1762 350 stante,
1796 292 1901 342 hoc

208 375 400 419 natura
423 367 678 418 videlicet
701 366 833 425 vult,
859 366 1068 416 salvam
1096 379 1218 415 esse
1244 379 1318 424 se,
1345 365 1495 428 quod
1522 365 1901 424 concedimus;

210 445 254 493 si
288 447 561 500 movente,
603 441 753 504 quod
787 445 970 491 tamen
1012 440 1203 498 dicitis,
1244 439 1395 489 nulla
1434 441 1603 502 turpis
1642 439 1901 503 voluptas

209 519 319 576 erit,
353 530 496 580 quae
523 514 1001 579 praetermittenda
1027 516 1107 573 sit,
1143 520 1195 564 et
1220 514 1381 564 simul
1407 528 1518 565 non
1546 514 1902 577 proficiscitur

208 591 410 642 animal
455 591 587 640 illud
632 589 801 640 modo
845 595 1034 639 natum
1078 603 1111 639 a
1154 603 1370 639 summa
1414 589 1712 651 voluptate,
1757 603 1900 653 quae
1947 601 1969 634 5

210 672 292 717 est
324 680 357 716 a
389 671 442 716 te
477 666 658 728 posita
690 666 744 714 in
777 678 890 715 non
924 663 1182 714 dolendo.

119 748 174 789 32
281 741 396 791 Nec
428 745 613 791 tamen
646 744 1028 803 argumentum
1063 738 1170 789 hoc
1201 737 1463 800 Epicurus
1497 752 1529 788 a
1562 739 1744 801 parvis
1770 739 1903 801 peti-

206 817 285 866 vit
310 820 404 866 aut
430 816 593 865 etiam
621 828 653 864 a
678 814 882 872 bestiiS‚
916 826 1059 876 quae
1085 817 1239 876 putat
1265 826 1387 863 esse
1412 812 1638 875 specula
1662 818 1902 871 naturae,

208 896 266 941 ut
300 890 502 940 diceret
542 890 610 939 ab
654 890 717 938 iis
759 888 898 938 duce
938 892 1132 937 natura
1172 887 1314 937 hanc
1344 887 1686 949 voluptatem
1722 888 1903 950 expeti

207 965 341 1015 nihil
375 964 614 1015 dolendi.
670 977 772 1013 nec
805 963 950 1012 enim
985 962 1122 1012 haec
1146 975 1370 1012 movere
1395 966 1576 1024 potest
1601 963 1902 1024 appetitum
1931 974 1973 1009 10

209 1040 390 1098 animi,
424 1052 526 1089 nec
558 1038 730 1087 ullum
764 1037 930 1087 habet
963 1037 1143 1095 ictum,
1179 1050 1289 1098 quo
1318 1036 1484 1098 pellat
1509 1037 1767 1094 animum,
1801 1041 1905 1086 sta-

210 1120 295 1164 tus
329 1114 417 1163 hic
449 1127 561 1164 non
595 1112 834 1171 dolendi,
880 1112 1065 1173 itaque
1098 1112 1152 1160 in
1187 1111 1293 1161 hoc
1326 1110 1524 1161 eodem
1559 1116 1748 1173 peccat
1780 1110 1905 1161 Hie-

209 1189 485 1252 ronymus,
543 1192 597 1238 at
637 1187 727 1237 ille
768 1186 933 1249 pellit,
976 1187 1069 1248 qui
1111 1185 1410 1248 permulcet
1450 1199 1672 1235 sensum
1712 1185 1906 1247 volup-

210 1268 333 1314 tate.
389 1264 575 1325 itaque
607 1261 870 1324 Epicurus
904 1274 1120 1323 semper
1154 1260 1260 1310 hoc
1291 1261 1469 1319 utitur,
1502 1265 1562 1310 ut
1594 1260 1787 1323 probet
1809 1274 1906 1310 vo-

210 1338 474 1400 luptatem
500 1342 693 1387 natura
719 1336 914 1398 expeti,
941 1335 1091 1398 quod
1119 1348 1184 1385 ea
1207 1334 1479 1397 voluptaS,
1506 1348 1649 1397 quae
1674 1335 1729 1384 in
1751 1339 1903 1384 motu
1931 1348 1974 1383 15

210 1413 291 1471 sit,
326 1418 378 1462 et
411 1425 611 1474 parvos
645 1411 714 1460 ad
749 1425 808 1460 se
842 1409 1041 1459 alliciat
1075 1414 1127 1459 et
1160 1410 1378 1468 bestiaS‚
1411 1423 1523 1459 non
1557 1408 1649 1458 illa
1681 1408 1904 1467 stabiliS,

211 1488 264 1536 in
306 1500 417 1549 qua
456 1491 666 1536 tantum
701 1487 841 1535 inest
881 1484 1014 1534 nihil
1056 1483 1256 1534 dolere.
1313 1485 1406 1547 qui
1447 1484 1608 1546 igitur
1648 1484 1904 1534 convenit

210 1562 279 1611 ab
306 1561 413 1611 alia
436 1561 721 1622 voluptate
748 1560 926 1609 dicere
952 1563 1200 1608 naturam
1228 1558 1512 1620 proficisci,
1547 1559 1601 1608 in
1627 1557 1734 1607 alia
1760 1572 1904 1607 sum-

126 1675 182 1723 11
213 1651 362 1686 mum
396 1636 604 1686 bonum
640 1636 880 1697 ponere?

121 1746 176 1787 33
284 1709 588 1760 Bestiarum
613 1723 744 1760 vero
770 1708 981 1758 nullum
1009 1707 1269 1756 iudicium
1297 1712 1445 1770 puto.
1487 1708 1739 1770 quamvis
1759 1708 1903 1756 enim
1928 1720 1973 1755 20

211 1785 543 1848 depravatae
584 1798 696 1834 non
738 1785 859 1842 sint,
905 1795 1106 1844 pravae
1151 1787 1334 1832 tamen
1377 1796 1498 1832 esse
1539 1787 1784 1843 possunt.
1847 1786 1905 1830 ut

210 1859 467 1909 bacillum
502 1858 650 1908 aliud
677 1863 758 1908 est
784 1857 1045 1907 inflexum
1081 1861 1133 1906 et
1159 1857 1497 1906 incurvatum
1525 1856 1594 1905 de
1627 1856 1904 1913 industria,

210 1934 358 1983 aliud
393 1935 467 1983 ita
498 1938 702 1991 natum,
736 1933 813 1982 sic
845 1931 1077 1981 ferarum
1102 1936 1296 1980 natura
1319 1945 1431 1981 non
1459 1935 1539 1980 est
1565 1930 1656 1979 illa
1681 1930 1903 1993 quidem

211 2008 510 2070 depravata
550 2006 696 2057 mala
737 2006 1039 2068 disciplina,
1081 2004 1179 2055 sed
1219 2010 1412 2055 natura
1451 2019 1565 2057 sua.
1629 2018 1731 2055 nec
1772 2018 1903 2054 vero

211 2088 268 2132 ut
292 2083 633 2144 voluptatem
661 2086 893 2144 expetat,
927 2085 1120 2130 natura
1145 2085 1332 2130 movet
1357 2079 1634 2138 infantem,
1668 2079 1765 2129 sed
1792 2084 1905 2128 tan·
1928 2092 1973 2127 25

210 2162 324 2207 tum
358 2163 416 2207 ut
441 2171 500 2207 se
556 2157 674 2219 ipse
701 2156 906 2219 diligat,
940 2160 998 2204 ut
1024 2156 1294 2217 integrum
1322 2168 1382 2204 se
1408 2154 1735 2216 salvumque
1758 2153 1904 2203 velit.

212 2245 376 2282 omne
421 2232 567 2281 enim
601 2230 820 2289 animal,
864 2229 1026 2280 simul
1072 2234 1124 2279 et
1169 2234 1344 2279 ortum
1391 2233 1486 2287 est,
1530 2242 1590 2278 se
1631 2229 1811 2291 ipsum
1854 2232 1905 2277 et

212 2320 405 2356 omnes
432 2310 611 2367 partes
645 2319 772 2355 suas
799 2304 975 2367 diligit
1001 2304 1265 2366 duasque,
1300 2317 1443 2366 quae
1468 2303 1740 2353 maximae
1766 2307 1904 2360 sunt,

213 2381 266 2430 in
293 2381 477 2442 primis
504 2379 858 2442 amplectitur,
892 2379 1136 2428 animum
1164 2383 1216 2428 et
1242 2391 1454 2440 corpuS,
1487 2376 1688 2427 deinde
1713 2377 1905 2425 utrius-

212 2468 319 2517 que
353 2459 546 2516 parteS.
602 2467 729 2504 nam
763 2458 889 2503 sunt
923 2458 975 2503 et
1007 2453 1061 2502 in
1095 2453 1280 2503 animo
1308 2452 1603 2514 praecipua
1628 2450 1902 2513 quaedam
1927 2462 1972 2497 30

288 2572 307 2612 1
346 2572 416 2612 dis
450 2572 600 2621 placet
630 2565 746 2611 AN²
778 2572 991 2621 displicet
1143 2571 1362 2611 discimus
1394 2570 1522 2619 loqui
1555 2568 1636 2609 ΒΕ
1787 2567 1815 2607 9
1848 2569 1904 2608 iis

216 2631 325 2673 vict.
365 2632 436 2671 his
470 2627 589 2680 (hiis,
630 2628 734 2682 hys)
879 2630 933 2671 10
965 2629 1064 2671 Nec
1097 2626 1229 2679 (ante
1262 2626 1405 2679 enim)
1446 2630 1587 2669 etiam
1621 2628 1683 2674 A,
1724 2628 1771 2668 in
1804 2626 1842 2667 R
1874 2638 1903 2667 a

211 2703 335 2732 man.
369 2691 639 2739 recentiore,
681 2692 734 2730 ut
764 2691 871 2740 vid„
905 2701 1023 2730 corr.
1057 2691 1104 2730 in
1138 2700 1291 2738 neque
1424 2688 1472 2728 11
1511 2688 1727 2736 animum,
1759 2689 1903 2726 status

216 2751 340 2799 Vict„
372 2751 424 2791 Ρ.
440 2750 566 2790 Μαη.
593 2750 733 2789 animi
765 2752 930 2790 statum
1056 2748 1110 2788 14
1142 2745 1293 2796 utitur]
1328 2749 1482 2788 nititur
1505 2740 1618 2787 A²N
1650 2749 1798 2785 utatur
1821 2745 1903 2785 BE

288 2810 341 2850 17
376 2808 465 2855 Qui
497 2809 654 2850 Lamb.
689 2809 799 2858 quid
928 2808 979 2848 21
1016 2811 1122 2849 sunt
1153 2802 1265 2848 ΑΒ1
1406 2810 1455 2846 ut
1486 2806 1698 2846 bacillum
1821 2815 1903 2844 na-

211 2866 322 2918 tum]
355 2868 475 2910 Non.
497 2881 545 2920 p.
566 2872 614 2909 78
742 2867 798 2908 22
833 2868 1073 2908 baccillum
1106 2861 1311 2907 A¹ERV
1344 2866 1555 2906 baculum
1581 2865 1622 2905 N
1743 2864 1802 2904 de
1834 2865 1902 2903 in-

212 2928 382 2968 dustria
406 2940 495 2968 om.
513 2927 631 2968 Non.
733 2927 788 2967 27
815 2927 949 2967 simul
974 2930 1019 2966 et
1043 2929 1188 2967 ortum
1214 2929 1297 2972 est,
1330 2936 1381 2966 se
1406 2924 1477 2966 Se.
1510 2924 1644 2964 simul
1670 2926 1714 2964 et
1740 2920 1901 2972 (etiam

211 2981 287 3034 N¹‚
323 2989 375 3027 ut
406 2989 525 3036 vid.,·
560 2987 743 3028 simulet
774 2986 824 3033 R,
857 2987 991 3027 simul
1024 2988 1093 3026 est
1124 2979 1207 3035 N²)
1240 2988 1385 3026 ortum
1419 2987 1464 3025 et
1496 2994 1547 3025 se

2033 2237 2046 2420 .·.-,μ;-ι...’.-
2039 2187 2046 2212 -,.
2031 2118 2046 2173 h..
2038 2070 2046 2104 ,η
2042 2028 2046 2045 ,-
2043 2005 2046 2010 r
2040 1956 2046 1981 Α-
2044 1891 2046 1895 .

2033 3098 2046 3131 ..ῥ’
2035 2730 2046 3081 AQ———ffl—-a——mmah
2039 2703 2046 2710 μ
2038 2649 2046 2685 ...ι
2041 2602 2046 2631 ...-
2039 2537 2046 2550 »-
