2046 3138
99 2150 152 2191 12

192 149 294 199 124
448 166 451 168 ·
611 142 697 188 DE
730 142 983 189 FINIBUS
1016 142 1178 207 BON.¹
1200 143 1279 189 ET
1311 144 1462 190 MAL.
1622 149 1790 192 Lib.1V
1808 150 1975 193 c.4--6

189 283 331 333 hanc
357 285 714 346 posteriorem
734 288 787 334 et
805 282 971 335 Stoici
991 288 1044 334 et
1061 284 1415 347 Peripatetici,
1442 286 1675 347 priorem
1700 291 1883 337 autem

189 357 263 408 illi
305 359 524 421 egregie
565 358 913 417 tradiderunt,
955 359 1010 410 hi
1052 360 1279 410 omnino
1324 373 1393 410 ne
1434 360 1726 423 attigerunt
1769 363 1885 424 qui-

188 433 329 483 dem.
393 446 522 482 nam
564 447 594 483 e
635 433 834 496 quibus
876 433 1011 484 locis
1053 434 1210 496 quasi
1251 433 1518 484 thesauris
1563 441 1886 498 argumenta

186 507 646 569 depromerentur,
685 509 848 558 vestri
882 522 952 558 ne
986 509 1246 570 suspicati
1279 509 1503 571 quidem
1544 515 1684 568 sunt,
1724 525 1884 573 supe-

184 583 350 632 riores
384 586 569 632 autem
603 582 827 632 artificio
863 587 916 633 et
946 583 1038 632 via
1070 582 1418 634 tradiderunt.
1482 598 1625 647 quae
1658 585 1882 647 quidem
1930 597 1954 632 5

184 670 267 706 res
303 656 479 715 efficit,
512 671 582 707 ne
616 671 843 707 necesse
877 658 944 706 sit
978 657 1153 707 isdem
1187 657 1256 707 de
1289 658 1450 708 rebus
1484 672 1699 721 semper
1724 661 1883 722 quasi

185 731 386 782 dictata
427 731 716 782 decantare
756 745 938 794 neque
979 745 1012 781 a
1053 732 1514 783 commentariolis
1555 730 1671 784 suis
1712 734 1884 784 disce-

186 805 327 856 dere.
390 820 519 856 nam
561 807 654 869 qui
694 807 828 856 sciet
867 806 961 856 ubi
994 806 1239 869 quidque
1280 807 1520 869 positum
1563 809 1631 858 sit
1663 822 1884 871 quaque

185 894 252 931 eo
286 881 486 939 veniat,
520 881 579 939 is,
614 881 828 931 etiamsi
862 881 994 944 quid
1029 881 1282 931 obrutum
1317 882 1427 940 erit,
1469 884 1665 944 poterit
1697 897 1883 934 eruere

186 969 513 1018 semperque
548 969 670 1005 esse
696 957 751 1005 in
778 955 1112 1017 disputando
1139 970 1287 1006 suus,
1344 956 1494 1018 quod
1521 958 1622 1007 etsi
1650 958 1883 1021 ingeniis
1912 968 1954 1004 10

186 1030 401 1093 magnis
443 1030 672 1092 praediti
713 1030 939 1093 quidam
984 1030 1206 1080 dicendi
1248 1031 1465 1093 copiam
1512 1032 1630 1082 sine
1675 1033 1884 1083 ratione

187 1109 609 1167 consequuntur,
651 1118 735 1154 ars
770 1109 953 1155 tamen
988 1109 1070 1155 est
1110 1105 1220 1154 dux
1256 1106 1446 1156 certior
1479 1120 1645 1168 quam
1678 1112 1884 1158 natura.

185 1178 334 1229 aliud
368 1183 450 1228 est
483 1180 630 1229 enim
665 1183 950 1241 poetarum
985 1193 1136 1230 more
1159 1179 1329 1230 verba
1353 1179 1594 1240 fundere,
1628 1181 1777 1232 aliud
1803 1196 1884 1241 ea,

185 1267 327 1317 quae
361 1253 526 1312 dicas,
560 1255 770 1304 ratione
804 1259 856 1304 et
889 1259 1001 1305 arte
1035 1254 1384 1318 distinguere.

260 1401 471 1452 Similia
504 1403 610 1453 dici
645 1407 876 1465 possunt
909 1403 978 1453 de
1012 1403 1378 1465 explicatione
1410 1409 1650 1463 naturae,
1688 1419 1799 1468 qua
1831 1410 1884 1456 et
1910 1416 1953 1451 15

186 1478 241 1528 hi
276 1481 496 1528 utuntur
530 1482 583 1527 et
613 1479 793 1536 vestri,
826 1492 1007 1540 neque
1040 1492 1172 1529 vero
1207 1479 1278 1529 ob
1313 1478 1451 1529 duas
1479 1479 1647 1530 modo
1676 1493 1885 1538 causas,

189 1566 299 1614 quo
342 1552 510 1603 modo
544 1552 775 1615 Epicuro
815 1553 1043 1611 videtur,
1085 1557 1143 1602 ut
1187 1552 1416 1615 pellatur
1455 1554 1643 1604 mortis
1685 1558 1738 1604 et
1770 1554 1887 1605 reli-

187 1627 368 1690 gionis
403 1631 597 1685 metuS,
631 1627 729 1677 sed
763 1628 928 1677 etiam
962 1627 1291 1678 modestiam
1330 1628 1610 1690 quandam
1644 1630 1886 1691 cognitio

186 1715 364 1751 rerum
392 1701 709 1752 caelestium
736 1701 888 1752 affert
914 1702 993 1760 iis,
1027 1703 1120 1765 qui
1145 1702 1371 1752 videant
1397 1707 1602 1765 quanta
1628 1704 1696 1752 sit
1722 1704 1886 1753 etiam

187 1775 335 1838 apud
370 1776 507 1826 deos
541 1776 860 1835 moderatio,
895 1781 1132 1839 quantus
1167 1777 1318 1835 ordo,
1363 1782 1416 1827 et
1449 1777 1885 1840 magnitudinem
1910 1788 1956 1824 20

186 1851 355 1900 animi
375 1850 603 1901 deorum
623 1864 791 1913 opera
811 1855 862 1901 et
880 1851 1022 1900 iacta
1040 1851 1400 1909 cernentibus
1427 1852 1686 1901 iustitiam
1705 1853 1884 1911 etiam,

187 1939 311 1974 cum
346 1925 628 1987 cognitum
662 1925 869 1975 habeas
904 1925 1054 1987 quod
1096 1926 1163 1975 sit
1207 1927 1407 1975 summi
1440 1927 1659 1977 rectoris
1692 1940 1757 1976 ac
1790 1927 1886 1977 do-

186 2000 318 2049 mini
351 2013 572 2058 numen,
607 2000 757 2062 quod
793 2000 1096 2058 consilium,
1130 2013 1274 2062 quae
1306 2000 1586 2058 voluntas;
1627 2002 1781 2051 cuius
1815 2001 1886 2051 ad

185 2078 435 2124 naturam
477 2079 606 2136 apta
645 2075 780 2125 ratio
813 2088 944 2124 vera
984 2074 1076 2124 illa
1116 2079 1169 2124 et
1201 2089 1418 2124 summa
1459 2075 1545 2125 lex
1579 2089 1612 2124 a
1645 2075 1887 2138 philoso-

188 2148 310 2210 phis
345 2148 550 2199 dicitur.
607 2149 748 2199 inest
780 2150 834 2198 in
869 2148 1064 2199 eadem
1091 2149 1455 2211 explicatione
1485 2154 1710 2200 naturae
1744 2151 1885 2200 insa·
1909 2159 1954 2194 25

186 2222 385 2272 tiabilis
413 2223 688 2285 quaedam
715 2237 744 2274 e
772 2223 1174 2286 cognoscendis
1201 2224 1361 2274 rebus
1387 2224 1659 2287 voluptaS,
1694 2225 1748 2274 in
1776 2238 1886 2287 qua

187 2311 298 2346 una
331 2297 592 2348 confectis
632 2298 794 2348 rebus
827 2298 1148 2348 necessariis
1180 2299 1342 2348 vacui
1382 2300 1619 2361 negotiis
1653 2299 1885 2349 honeste

187 2385 251 2421 ac
283 2371 574 2422 liberaliter
601 2373 878 2434 possimus
906 2373 1106 2422 vivere.
1162 2371 1301 2436 Ergo
1329 2373 1383 2422 in
1409 2372 1512 2422 hac
1537 2374 1745 2423 ratione
1771 2378 1886 2424 tota

187 2445 256 2496 de
302 2447 554 2496 maximis
599 2446 708 2496 fere
753 2446 914 2496 rebus
956 2445 1124 2497 Stoici
1169 2446 1291 2497 illos
1333 2448 1505 2497 secuti
1546 2453 1686 2505 sunt,
1731 2452 1789 2497 ut
1833 2452 1886 2498 et

187 2519 323 2571 deos
353 2534 475 2570 esse
503 2525 556 2571 et
581 2525 836 2583 quattuor
861 2535 927 2571 ex
953 2521 1115 2571 rebus
1141 2522 1328 2571 omnia
1354 2526 1602 2572 constare
1629 2522 1883 2572 dicerent.
1908 2531 1954 2566 ³0

188 2608 311 2644 cum
357 2599 540 2645 autem
585 2599 930 2658 quaereretur
974 2609 1058 2646 res
1106 2594 1408 2646 admodum
1454 2595 1701 2654 difficilis,
1749 2611 1882 2645 num

185 2669 374 2730 quinta
407 2669 681 2731 quaedam
714 2674 906 2719 natura
936 2670 1208 2720 videretur
1241 2683 1377 2728 esse,
1412 2684 1479 2720 ex
1512 2684 1622 2732 qua
1657 2671 1791 2720 ratio
1827 2675 1879 2720 et

185 2742 558 2806 intellegentia
591 2745 826 2802 oriretur,
860 2745 913 2793 in
949 2758 1058 2806 quo
1094 2745 1258 2794 etiam
1292 2744 1361 2794 de
1388 2745 1582 2794 animis
1609 2744 1761 2794 cuius
1787 2757 1879 2807 ge-

259 2918 286 2959 6
319 2931 389 2960 res
422 2932 510 2961 om.
544 2919 587 2960 A
619 2932 691 2961 ars
722 2922 846 2962 Mdv.
972 2921 1024 2962 12
1058 2919 1146 2971 ars]
1181 2933 1253 2963 res
1283 2921 1322 2963 R
1457 2921 1510 2961 15
1544 2932 1636 2971 qua
1668 2925 1713 2963 et
1745 2923 1805 2973 hij
1838 2923 1879 2967 V

186 2989 305 3031 quae
337 2975 597 3031 (compend,
630 2978 740 3031 scr.)
772 2981 845 3023 hic
878 2980 919 3023 A
953 2992 1043 3033 que
1075 2982 1150 3023 hic
1181 2980 1310 3024 BER
1341 2992 1433 3033 qua
1464 2981 1539 3023 hic
1570 2981 1611 3024 N
