2046 3138
135 743 191 783 79

137 2046 194 2087 80

225 158 297 208 63
641 149 726 194 DE
759 146 1012 193 FINIBUS
1044 145 1194 193 BON.
1227 147 1306 192 ET
1338 147 1491 193 MAL.
1619 154 2008 196 munau-2⁶

226 284 378 341 ‘mihi
411 304 477 340 eo
506 303 627 340 esse
651 283 872 339 animo.'
920 287 1093 338 Immo
1118 287 1291 338 videri
1316 287 1559 341 fortasse.
1607 303 1730 340 esse
1755 292 1917 349 enim,

223 366 329 422 nisi
378 366 495 422 eriS,
538 377 651 414 non
696 367 870 425 potes.
932 362 1026 424 qui
1069 366 1254 412 autem
1295 376 1418 413 esse
1459 365 1676 425 poteris,
1719 365 1822 415 nisi
1863 370 1917 415 te

223 453 378 490 amor
402 440 520 500 ipse
546 438 783 500 ceperit?
829 436 981 500 quod
1006 450 1118 487 non
1144 435 1416 486 subducta
1440 436 1682 488 utilitatis
1707 439 1917 489 ratione

225 513 365 563 effici
391 512 545 570 solet,
574 511 672 562 sed
698 512 879 573 ipsum
904 524 937 560 a
962 524 1022 561 se
1049 511 1214 561 oritur
1239 515 1292 561 et
1317 524 1418 560 sua
1443 517 1640 573 sponte
1664 513 1916 563 nascitur.

225 582 315 637 ‘At
347 587 492 638 enim
518 599 720 649 sequor
743 579 1063 636 utilitatem.’
1115 584 1360 635 Manebit
1386 599 1515 648 ergo
1542 587 1780 636 amicitia
1803 591 1916 637 tam
1961 596 1985 632 5

224 662 333 720 diu,
366 674 531 724 quam
558 660 651 710 diu
685 664 943 722 sequetur
974 658 1191 717 utilitaS,
1225 664 1292 718 et,
1325 660 1370 709 si
1395 659 1597 710 utilitas
1622 662 1916 711 amicitiam

225 737 530 793 constituet,
562 734 718 785 tollet
751 733 961 784 eadem.
1017 733 1115 784 sed
1150 733 1283 796 quid
1316 747 1449 797 ages
1475 734 1713 793 tandem,
1747 736 1792 785 si
1817 736 1917 786 uti-

223 810 344 860 litas
377 810 446 860 ab
480 809 731 870 amicitia,
771 813 830 858 ut
869 808 928 858 fit
960 821 1143 870 saepe,
1184 807 1478 859 defecerit?
1531 809 1917 872 relinquesne?

224 898 367 947 quae
398 885 502 934 ista
533 884 772 933 amicitia
797 884 914 933 est?
968 882 1268 933 retinebis?
1316 883 1409 945 qui
1436 885 1730 934 convenit?
1784 884 1916 947 quid

224 960 373 1009 enim
415 958 484 1008 de
527 959 763 1007 amicitia
806 957 1057 1007 statueris
1102 956 1345 1007 utilitatis
1394 970 1561 1007 causa
1609 958 1918 1020 expetenda
1943 966 1987 1002 ιο

221 1033 394 1083 vides.
444 1027 544 1083 ‘Ne
570 1033 624 1081 in
651 1032 840 1082 odium
863 1031 1101 1089 veniam,
1127 1032 1172 1081 si
1197 1032 1435 1080 amicum
1462 1031 1719 1083 destitero
1744 1027 1915 1083 tueri.'

222 1107 461 1157 Primum
495 1121 587 1157 cur
619 1108 722 1156 ista
754 1120 838 1156 res
872 1105 1041 1168 digna
1074 1105 1204 1155 odio
1240 1111 1335 1163 est,
1377 1107 1482 1156 nisi
1515 1106 1665 1168 quod
1699 1109 1782 1156 est
1812 1111 1918 1156 tur-

223 1182 345 1243 pis?
399 1181 614 1244 quodsi,
661 1194 732 1230 ne
776 1193 887 1242 quo
921 1179 1277 1230 incommodo
1312 1180 1563 1238 afficiare,
1608 1194 1721 1231 non
1760 1180 1918 1231 relin-

223 1269 359 1318 ques
400 1257 651 1313 amicum,
696 1260 895 1312 tamen,
939 1268 1010 1304 ne
1053 1255 1172 1304 sine
1214 1254 1387 1304 fructu
1428 1254 1682 1318 alligatus
1727 1256 1816 1313 εἰς,
1860 1260 1919 1304 ut

202 1332 481 1380 .moriatur
524 1329 755 1391 optabis,
820 1326 981 1387 Quid,
1025 1330 1070 1378 si
1118 1342 1231 1378 non
1275 1329 1443 1379 modo
1489 1329 1776 1379 utilitatem
1820 1329 1986 1379 tibi15

222 1403 663 1462 nullamssafferet,
703 1403 801 1453 sed
834 1404 1072 1453 iacturae
1105 1404 1180 1453 rei
1213 1403 1490 1453 familiaris
1532 1408 1687 1453 erunt
1718 1403 1918 1453 facien-

225 1478 344 1537 dae,
383 1478 598 1528 labores
639 1477 989 1539 suscipiendi,
1029 1477 1349 1527 adeundum
1393 1479 1540 1528 vitae
1581 1477 1919 1540 periculum?

224 1566 294 1603 ne
326 1557 442 1602 tum
475 1552 699 1615 quidem
732 1557 785 1602 te
817 1552 1075 1613 respicies
1109 1556 1162 1601 et
1195 1552 1463 1614 cogitabis
1503 1551 1607 1601 sibi
1641 1565 1918 1614 quemque

223 1631 413 1676 natum
447 1640 569 1677 esse
603 1631 655 1676 et
680 1627 793 1676 suis
817 1625 1236 1687 voluptatibus?
1282 1626 1484 1676 vadem
1510 1631 1563 1676 te
1589 1626 1660 1675 ad
1686 1631 1917 1676 mortem

222 1706 452 1763 tyranno
479 1700 636 1750 dabis
663 1714 759 1762 pro
786 1701 980 1758 amico,
1006 1704 1065 1750 ut
1082 1700 1458 1763 Pythagoreus
1481 1699 1571 1750 ille
1590 1699 1774 1751 Siculo
1794 1700 1919 1750 fecit
1942 1707 1988 1743 2⁰

224 1777 491 1838 tyranno?
545 1779 652 1832 aut,
684 1774 916 1838 Pylades
950 1788 1075 1824 cum
1108 1775 1197 1832 siS,
1231 1774 1380 1825 dices
1413 1780 1466 1824 te
1499 1788 1622 1825 esse
1655 1773 1920 1832 Orestem,

226 1854 285 1899 ut
316 1850 546 1899 moriare
580 1862 676 1910 pro
711 1850 927 1899 amico?
981 1853 1089 1906 aut,
1123 1849 1167 1898 si
1203 1862 1354 1898 esses
1389 1847 1626 1906 OresteS,
1659 1848 1919 1911 Pyladem

226 1922 512 1980 refelleres
553 1927 606 1972 te
639 1922 906 1972 indicares
941 1927 1008 1980 et,
1048 1923 1093 1972 si
1126 1922 1182 1972 id
1215 1936 1328 1972 non
1357 1923 1637 1984 >probares
1679 1937 1789 1984 quo
1824 1923 1921 1972 mi-

176 1975 331 2047 5nus
371 1997 536 2047 ambo
570 2010 681 2046 una
713 1997 1044 2047 necaremini
1084 2010 1197 2047 non
1232 1998 1547 2059 precarere'?
1602 1996 1829 2047 Faceres
1862 2002 1920 2046 tu

229 2071 467 2134 quidem,
500 2071 788 2133 Torquate,
814 2071 952 2120 haec
976 2071 1184 2129 omnia:
1217 2070 1351 2120 nihil
1378 2072 1523 2121 enim
1549 2071 1774 2121 arbitror
1799 2085 1921 2121 esse
1944 2077 1991 2115 2⁵

229 2159 434 2208 magna
455 2145 618 2195 laude
644 2145 888 2208 dignum,
914 2145 1065 2207 quod
1091 2149 1144 2195 te
1170 2145 1677 2207 praetermissurum
1703 2145 1920 2195 credam

229 2226 322 2269 aut
355 2220 540 2270 mortis
574 2224 667 2269 aut
693 2219 896 2269 doloris
922 2224 1086 2269 metu.
1141 2233 1253 2269 non
1281 2220 1555 2281 quaeritur
1578 2224 1762 2269 autem
1789 2219 1920 2281 quid

265 2391 267 2394 ⁴
305 2373 330 2412 2
372 2374 449 2422 qui
495 2376 646 2414 autem
681 2404 692 2414 .
718 2404 728 2414 .
754 2404 764 2414 .
798 2372 921 2414 effici
960 2373 1079 2414 solet
1119 2373 1240 2413 Non.
1278 2385 1325 2423 p.
1354 2377 1432 2413 399
1591 2369 1779 2421 poteris]
1820 2376 1922 2422 pot-

227 2435 299 2473 est
328 2431 447 2472 Non.
629 2432 655 2473 3
695 2432 922 2472 subducta
950 2432 1071 2473 Non.
1103 2433 1335 2472 subdubia
1516 2431 1542 2471 5
1582 2435 1673 2471 tam
1714 2432 1792 2472 diu
1831 2444 1921 2473 om.

227 2489 319 2532 NV
421 2498 423 2500 ·
453 2490 480 2530 6
513 2502 650 2540 quam
685 2492 762 2532 diu
794 2503 883 2533 om.
917 2485 1073 2531 A¹BE
1210 2492 1457 2532 constituet
1489 2491 1735 2531 amicitiam
1769 2490 1810 2530 A

227 2549 255 2610 8
288 2550 613 2600 relinquesne'?
658 2547 795 2600 quae]
837 2550 1102 2612 relinquens
1134 2561 1289 2600 neque
1322 2544 1391 2590 A¹
1430 2550 1695 2599 relinquens
1735 2561 1794 2590 ne
1834 2561 1926 2600 que

228 2638 263 2679 E
296 2639 561 2688 relinquens
593 2650 654 2679 ne
687 2629 729 2689 ᾧ
760 2638 798 2680 R
822 2639 1087 2688 relinquens
1117 2634 1412 2688 nequaquam
1446 2632 1509 2679 N¹
1541 2638 1803 2687 relinques?
1844 2649 1924 2679 ne-

230 2738 461 2777 quaquam
493 2721 607 2768 N¹v
760 2727 814 2767 12
847 2728 957 2768 odio
990 2730 1060 2768 est
1091 2738 1187 2768 non
1221 2727 1347 2776 quod
1379 2731 1449 2768 est
1480 2727 1623 2776 turpis
1655 2701 1685 2766 1¹1
1717 2722 1924 2775 (=nisi,

225 2789 418 2837 puncto,
452 2788 505 2827 ut
531 2788 730 2837 videtur,
762 2788 851 2827 sub
876 2798 906 2826 n
935 2787 1123 2837 posito.-
1155 2784 1205 2844 ῃ)
1249 2787 1376 2836 quod
1416 2781 1604 2836 estlsine
1636 2796 1730 2835 quo
1761 2786 1799 2827 R

233 2852 286 2892 17
311 2852 598 2901 suscipiendi
626 2854 809 2894 labores
825 2852 917 2898 Nv
993 2852 1051 2893 20
1072 2852 1179 2894 lecit
1204 2853 1351 2893 siculo
1376 2851 1578 2893 tiranoR
1627 2876 1630 2878 v
1655 2851 1706 2892 21
1730 2851 1924 2893 Oresten

230 2910 272 2950 A
304 2910 488 2953 horeste
518 2912 556 2953 R
595 2913 838 2954 honestem
870 2911 911 2952 V
1063 2911 1120 2951 24
1152 2922 1247 2951 non
1289 2912 1587 2960 deprecarere
1627 2913 1736 2952 edit.
1776 2912 1924 2952 Venet.

232 2973 333 3010 1480
454 2971 509 3010 25
543 2982 647 3012 esse
679 2982 768 3012 om.
801 2971 839 3012 R
873 2981 1042 3020 magna
1073 2971 1210 3011 laude
1244 2971 1434 3020 dignum
1456 2980 1572 3013 esse
1605 2970 1688 3010 BE
1817 2983 1820 2986 ’
