2002 3068
76 702 130 743 27

75 1296 131 1338 28

173 118 237 168 12
591 108 676 154 DE
709 107 963 155 FINIBUS
996 107 1146 154 BON.
1180 108 1257 154 ET
1291 107 1443 154 MAL.
1635 112 1943 155 Lib.1c.8—9

169 251 302 302 dixit
334 251 388 301 in
422 249 662 314 physicis
695 263 798 300 nec
830 263 897 300 ea
928 250 1063 312 ipsa,
1102 262 1246 312 quae
1278 249 1374 300 tibi
1407 249 1781 311 probarentur;
1813 251 1858 301 si

170 341 280 389 qua
323 326 377 375 in
419 326 484 375 iis
518 324 783 388 corrigere
822 323 1010 383 voluit,
1055 323 1322 375 deteriora
1365 323 1501 374 lecit.
1557 323 1858 375 disserendi

169 406 337 462 artem
365 399 572 450 nullam
598 398 801 449 habuit.
848 398 1187 462 voluptatem
1207 413 1330 449 cum
1357 412 1631 449 summum
1651 399 1857 450 bonum

169 475 383 533 diceret,
427 474 661 536 primurn
707 474 761 523 in
806 487 873 524 eo
915 474 1036 536 ipso
1078 487 1268 536 parum
1312 471 1462 531 vidit,
1507 472 1707 524 deinde
1754 474 1860 525 hoc

169 563 392 612 quoque
425 548 688 606 alienum;
729 561 858 598 nam
899 553 1025 598 ante
1056 547 1388 610 AristippuS,
1429 552 1481 597 et
1520 547 1610 598 ille
1650 547 1859 599 meliuS.
1905 558 1928 593 5

169 623 427 674 addidisti
460 622 531 672 ad
565 627 864 673 extremum
900 623 1062 673 etiam
1096 622 1376 672 indoctum
1410 621 1593 673 fuisse.

238 698 390 757 Fieri,
416 698 656 761 inquam,
682 697 864 756 Triari,
889 697 1040 748 nullo
1065 702 1225 760 pacto
1253 701 1447 759 potest,
1471 701 1530 747 ut
1554 711 1667 748 non
1694 697 1859 756 dicaS,

174 772 306 836 quid
339 787 451 824 non
486 772 686 835 probes
720 772 852 831 eiuS‚
885 786 918 822 a
950 786 1061 835 quo
1088 771 1393 822 dissentias,
1442 771 1574 833 quid
1601 772 1746 822 enim
1771 786 1860 823 me

168 847 477 909 prohiberet
509 846 832 909 Epicureum
867 861 1004 905 esse,
1045 847 1089 896 si
1124 846 1425 909 probarem,
1466 859 1609 909 quae
1649 845 1739 897 ille
1783 846 1860 896 di-

166 924 343 972 ceret?
384 936 507 972 cum
534 922 848 984 praesertim
867 921 959 971 illa
984 921 1290 984 perdiscere
1307 920 1469 970 ludus
1495 925 1652 971 esset.
1692 934 1858 984 quam
1884 929 1928 966 10

166 997 238 1047 ob
263 1010 376 1047 rem
403 996 839 1046 dissentientium
867 996 1002 1046 inter
1027 1010 1087 1046 se
1112 995 1566 1058 reprehensiones
1598 1009 1710 1046 non
1735 1000 1860 1045 sunt

166 1070 583 1133 vituperandae,
617 1070 930 1129 maledicta,
965 1069 1351 1128 contumeliae,
1383 1074 1497 1120 tum
1534 1069 1859 1128 iracundiae,

165 1146 544 1196 contentiones
564 1146 1108 1208 concertationesque
1128 1145 1182 1194 in
1201 1143 1535 1206 disputando
1557 1145 1859 1206 pertinaces

166 1220 427 1283 indignae
461 1219 815 1282 philosophia
847 1220 980 1269 mihi
1012 1219 1184 1270 videri
1218 1219 1410 1269 solent.

238 1294 375 1344 Tum
425 1294 751 1356 Torquatus:
808 1294 1045 1352 ProrsuS,
1094 1294 1282 1356 inquit,
1330 1294 1617 1350 assentior;
1673 1306 1854 1356 neque
1881 1301 1923 1337 15

165 1369 310 1419 enim
353 1368 614 1431 disputari
657 1370 774 1418 sine
815 1369 1239 1432 reprehensione
1279 1382 1380 1418 nec
1423 1382 1546 1418 cum
1581 1366 1859 1417 iracundia

164 1448 256 1493 aut
290 1444 586 1505 pertinacia
618 1449 759 1494 recte
793 1443 1055 1506 disputari
1089 1447 1282 1505 potest.
1338 1442 1436 1492 sed
1467 1442 1535 1492 ad
1570 1442 1721 1500 haec,
1754 1442 1857 1491 nisi

164 1517 460 1568 molestum
496 1523 591 1576 est,
625 1518 806 1568 habeo
841 1532 984 1580 quae
1015 1517 1196 1567 velim.

236 1591 322 1642 An
357 1606 460 1651 me,
502 1593 742 1655 inquam,
784 1593 888 1642 nisi
922 1598 974 1643 te
1008 1592 1201 1642 audire
1233 1591 1447 1650 vellem,
1489 1605 1680 1641 censes
1722 1591 1859 1641 haec

164 1666 429 1717 dicturum
463 1666 667 1718 fuisse?
1873 1673 1918 1709 2⁰

237 1740 425 1791 Utrum
475 1742 634 1804 igitur
690 1741 921 1803 percurri
971 1754 1192 1791 omnem
1242 1740 1454 1803 Epicuri
1512 1739 1855 1802 disciplinam

165 1815 341 1877 placet
380 1829 449 1865 an
484 1815 553 1866 de
586 1830 696 1865 una
727 1815 1009 1878 voluptate
1043 1815 1252 1877 quaeri,
1298 1815 1367 1865 de
1409 1828 1518 1877 qua
1551 1827 1715 1864 omne
1749 1827 1857 1863 cer-

163 1895 345 1940 tamen
380 1891 496 1940 est?

238 1964 356 2015 Tuo
389 1978 519 2015 vero
554 1964 608 2014 id
643 1964 881 2027 quidem,
914 1965 1154 2027 inquam,
1188 1963 1456 2014 arbitratu.

239 2037 327 2088 Sic
359 2038 554 2088 faciam
589 2039 762 2102 igitur,
795 2040 989 2102 inquit:
1027 2053 1193 2089 unam
1227 2052 1339 2088 rem
1373 2037 1675 2101 explicabo,
1708 2050 1853 2087 eam-
1875 2045 1920 2080 25

164 2127 271 2175 que
304 2114 614 2172 maximam,
648 2113 717 2163 de
750 2113 989 2177 physicis
1023 2113 1172 2172 aliaS,
1207 2118 1259 2163 et
1291 2112 1514 2175 quidem
1547 2112 1642 2162 tibi
1677 2116 1729 2161 et
1761 2110 1852 2161 de-

164 2187 513 2238 clinationem
541 2188 699 2237 istam
726 2193 1033 2239 atomorum
1053 2193 1104 2238 et
1122 2187 1556 2251 magnitudinem
1582 2185 1714 2237 solis
1732 2199 1852 2247 pro-

163 2261 308 2311 babo
336 2266 388 2311 et
412 2261 706 2311 Democriti
741 2267 911 2312 errata
940 2263 1009 2312 ab
1039 2262 1269 2324 Epicuro
1302 2261 1631 2324 reprehensa
1663 2264 1715 2310 et
1740 2273 1851 2309 cor-

237 2421 263 2462 5
291 2424 406 2474 post
437 2422 600 2464 melius
632 2425 743 2465 add.
777 2426 824 2465 in
857 2424 898 2466 V
945 2424 1123 2466 Etenim
1165 2424 1385 2475 quoniam
1425 2422 1638 2465 detractis
1677 2421 1736 2462 de
1767 2421 1851 2461 ho-

165 2482 288 2522 mine
311 2482 548 2529 sensibus;
574 2483 695 2524 idem
722 2485 769 2524 ιή
787 2482 829 2524 Ν
847 2480 912 2534 (et
936 2485 1058 2526 enim
1076 2480 1166 2535 cet)
1193 2485 1253 2524 ab
1279 2484 1363 2525 alt.
1380 2495 1439 2524 m.
1458 2484 1506 2524 ἱη
1530 2493 1680 2533 mary.
1697 2481 1850 2521 adscr.

160 2542 321 2592 posito
357 2543 473 2592 post
510 2542 673 2583 melius
711 2544 849 2594 siyno
889 2545 1141 2595 eodemque
1181 2545 1228 2584 in
1261 2554 1439 2595 mar9.,·
1478 2541 1640 2583 melius
1671 2539 1848 2581 Etenim

165 2601 385 2650 quoniam
419 2601 631 2642 detractis
664 2602 723 2643 de
754 2603 944 2644 homine
975 2604 1190 2644 sensibus
1215 2603 1375 2652 reliqui
1400 2601 1542 2643 nichil
1565 2602 1635 2642 est
1656 2609 1850 2640 necesse

164 2662 234 2700 est
265 2660 377 2710 quid
408 2660 468 2700 ad
499 2663 705 2700 naturam
746 2665 824 2701 aut
862 2665 1020 2703 contra
1050 2664 1109 2704 sit
1139 2673 1167 2702 a
1198 2665 1358 2702 natura
1395 2662 1499 2711 ipsa
1529 2658 1735 2700 iudicari.
1796 2657 1851 2697 Et

164 2719 472 2769 expetendam
490 2722 536 2760 et
559 2719 765 2761 dolorem
790 2722 940 2771 ipsum
967 2733 1048 2772 per
1071 2733 1122 2763 se
1146 2732 1265 2763 esse.
1319 2720 1536 2761 addidisti
1559 2718 1597 2760 R
1621 2714 1698 2768 (cf.
1720 2729 1768 2768 p.
1786 2721 1848 2762 13,

162 2782 215 2818 32
236 2789 338 2829 sqq.
378 2780 426 2819 et
459 2790 507 2830 p.
534 2783 596 2826 14,
619 2783 647 2820 8
669 2776 760 2830 sq.)
939 2781 988 2821 11
1037 2781 1421 2831 reprehensiones
1463 2777 1847 2820 dissenciencium

165 2837 281 2877 inter
303 2848 354 2878 se
385 2836 462 2877 BE
599 2837 654 2878 19
686 2850 745 2879 an
770 2840 883 2880 dett.
910 2844 955 2880 at
978 2839 1213 2881 ABENV
1236 2840 1296 2880 ad
1326 2838 1364 2880 R
1478 2837 1529 2878 21
1566 2839 1711 2877 utrum
1738 2846 1847 2885 ergo

164 2896 243 2946 qui
283 2897 479 2946 percurri
517 2896 555 2938 B
595 2900 741 2938 utrum
782 2899 860 2948 qui
901 2900 1096 2949 percurri
1135 2898 1171 2939 E
1213 2901 1358 2938 utrum
1399 2898 1534 2947 igitur
1568 2896 1716 2944 inquit
1748 2905 1847 2943 per-

163 2955 276 2996 curri
310 2948 376 2995 A²
496 2955 553 2996 26
585 2959 630 2997 et
663 2955 866 3007 quidem}
901 2959 1116 3008 equidem
1151 2957 1282 2999 BEV
