2046 3138
194 161 265 210 60
617 153 703 199 DE
736 153 989 201 FINIBUS
1023 153 1172 201 BON.
1207 155 1285 200 ET
1318 154 1471 201 MAL.
1586 161 1979 203 Lib.11c.18-20

196 295 376 357 periri;
425 295 605 357 deque
655 295 737 345 his
783 295 946 346 rebus
990 297 1120 346 satis
1165 293 1336 346 rnulta
1379 297 1434 346 in
1478 298 1676 348 nostris
1721 298 1790 349 de
1834 313 1889 350 re

197 369 416 432 publica
448 369 594 419 libris
629 374 755 419 sunt
787 369 931 420 dicta
963 384 996 419 a
1028 370 1229 422 Laelio,

113 423 176 534 lt?
229 443 519 494 -Transfer
581 443 727 494 idem
791 444 861 494 ad
918 445 1248 495 modestiam
1311 445 1400 496 vel
1460 448 1891 508 temperantiam,

109 1492 159 1533 61

114 2535 170 2574 62

196 532 338 580 quae
373 522 454 568 est
486 518 790 570 moderatio
818 519 1175 581 cupiditatum
1210 521 1404 571 rationi
1431 521 1751 572 oboediens
1807 536 1890 572 sa-

196 594 336 642 tisne
381 606 511 656 ergo
558 593 754 655 pudori
800 594 1063 652 consulat,
1107 596 1151 644 si
1195 595 1317 657 quis
1352 596 1473 645 sine
1510 600 1647 646 teste
1681 596 1890 646 libidini
1938 615 1960 649 5

197 669 418 729 pareat?
451 681 521 717 an
549 672 630 718 est
655 668 861 730 aliquid
888 683 983 731 per
1008 683 1067 719 se
1087 669 1267 731 ipsum
1294 669 1643 733 flagitiosum,
1679 672 1891 722 etiamsi

196 741 346 791 nulla
379 743 663 792 comitetur
696 742 957 794 infamia?

273 813 456 871 Quid?
510 816 673 867 fortes
721 818 821 867 viri
863 817 1284 880 voluptatumne
1338 818 1558 869 calculis
1594 820 1893 870 ‘subductis

198 891 465 952 proelium
499 892 702 951 ineunt,
736 893 1062 955 sanguinem
1097 907 1193 955 pro
1229 894 1401 955 patria
1433 894 1782 956 profundunt,
1822 909 1892 944 an

198 965 440 1027 quodam
482 967 649 1016 animi
690 967 883 1017 ardore
916 971 1082 1030 atque
1126 968 1333 1030 impetu
1368 969 1660 1020 concitati?
1715 974 1892 1019 utrum
1921 987 1964 1022 10

197 1040 420 1090 tandem
455 1055 662 1099 censes,
695 1041 984 1104 Torquate,
1025 1042 1384 1104 Imperiosum
1418 1042 1586 1102 illum,
1631 1045 1676 1093 si
1710 1049 1896 1094 nostra

196 1115 364 1165 verba
397 1115 623 1174 audiret,
656 1120 880 1166 tuamne
914 1116 983 1166 de
1017 1131 1076 1167 se
1111 1118 1414 1168 orationem
1449 1117 1705 1168 libentius
1743 1119 1895 1168 audi-

198 1193 375 1239 turum
410 1190 576 1240 fuisse
610 1204 679 1240 an
714 1205 909 1250 meam,
944 1205 1068 1241 cum
1103 1205 1208 1254 ego
1236 1191 1472 1242 dicerem
1506 1192 1638 1242 nihil
1667 1207 1792 1243 eum
1819 1193 1892 1243 fe-

199 1265 337 1314 cisse
370 1279 471 1314 sua
504 1279 671 1314 causa
705 1267 1002 1328 omniaque
1034 1267 1109 1316 rei
1144 1266 1411 1328 publicae,
1445 1271 1502 1316 tu
1537 1272 1726 1318 contra
1757 1268 1890 1317 nihil

197 1339 299 1388 nisi
334 1341 471 1390 sua?
519 1341 563 1389 si
588 1354 719 1390 vero
754 1340 807 1390 id
837 1341 1000 1390 etiam
1027 1340 1320 1403 explanare
1344 1341 1516 1392 velles
1542 1344 1893 1405 apertiusque
1920 1361 1963 1395 15

198 1412 404 1463 diceres
457 1414 591 1463 nihil
645 1429 770 1464 eum
817 1414 1010 1465 fecisse
1062 1416 1165 1465 nisi
1209 1415 1506 1478 voluptatis
1553 1430 1733 1475 causa,
1782 1432 1893 1479 quo

198 1487 366 1538 modo
402 1502 527 1538 eum
560 1489 783 1539 tandem
817 1489 1050 1539 laturum
1083 1490 1251 1540 fuisse
1285 1491 1599 1542 existimas?
1655 1496 1788 1550 esto,
1822 1492 1895 1542 fe-

199 1563 340 1621 cerit,
385 1564 429 1612 si
474 1563 548 1612 ita
589 1564 688 1622 viS,
734 1563 1041 1627 Torquatus
1083 1569 1302 1627 propter
1345 1579 1473 1614 suas
1519 1566 1776 1616 utilitates
1825 1592 1893 1598 —

198 1636 344 1687 malo
379 1638 525 1687 enim
552 1638 731 1688 dicere
765 1652 931 1701 quam
956 1639 1285 1701 voluptateS,
1319 1640 1373 1689 in
1399 1644 1550 1690 tanto
1579 1643 1893 1703 praesertim

197 1712 314 1762 viro
350 1737 434 1770 --,
467 1727 599 1762 num
634 1714 797 1763 etiam
833 1714 949 1763 eius
977 1713 1191 1777 collega
1223 1714 1276 1764 P.
1304 1713 1521 1773 DeciUS,
1556 1717 1806 1777 princeps
1840 1717 1894 1765 in
1921 1734 1965 1768 20

201 1799 266 1835 ea
307 1786 512 1836 familia
553 1787 886 1846 consulatuS,
936 1802 1059 1838 cum
1101 1802 1160 1838 se
1202 1789 1500 1839 devoverat
1541 1794 1593 1839 et
1627 1803 1770 1852 equo
1805 1790 1898 1839 ad-

201 1861 370 1911 misso
405 1862 459 1910 in
494 1862 733 1912 mediam
768 1863 942 1912 aciem
970 1862 1284 1913 Latinorum
1310 1864 1560 1922 irruebat,
1594 1864 1800 1927 aliquid
1829 1865 1897 1914 de

200 1934 576 1997 voluptatibus
618 1937 730 1986 suis
773 1937 1085 1999 cogitabat?
1141 1938 1235 1987 ubi
1276 1942 1335 1987 ut
1376 1952 1497 1987 earn
1544 1944 1761 2000 caperet
1805 1945 1897 1988 aut

201 2010 465 2071 quando?
508 2025 633 2059 cum
659 2012 818 2061 sciret
844 2011 1130 2061 confestim
1150 2026 1271 2062 esse
1296 2013 1642 2062 moriendum
1663 2027 1896 2076 eamque

201 2089 430 2134 mortem
475 2085 782 2135 ardentiore
815 2086 998 2136 studio
1041 2091 1261 2148 peteret,
1306 2101 1472 2148 quam
1506 2086 1768 2149 Epicurus
1799 2102 1896 2139 vo·
1921 2106 1966 2141 25

202 2157 466 2220 luptatem
509 2160 804 2222 petendam
847 2165 1014 2222 putat.
1072 2161 1222 2223 quod
1268 2161 1491 2223 quidem
1534 2163 1651 2212 eius
1696 2162 1896 2212 factum

202 2233 306 2282 nisi
333 2238 477 2283 esset
502 2235 615 2284 iure
641 2234 939 2293 laudatum,
973 2249 1085 2285 non
1116 2241 1261 2285 esset
1285 2236 1526 2285 imitatus
1553 2241 1743 2299 quarto
1771 2251 1898 2287 con-

201 2307 381 2357 sulatu
415 2322 518 2358 suo
552 2308 711 2367 filius,
744 2323 926 2371 neque
959 2323 1119 2371 porro
1155 2324 1220 2360 ex
1251 2324 1318 2360 eo
1352 2315 1512 2360 natus
1547 2325 1669 2360 cum
1695 2311 1896 2374 Pyrrho

200 2381 405 2431 bellum
439 2396 634 2445 gerens
669 2383 861 2434 consul
888 2384 1174 2434 cecidisset
1199 2385 1254 2434 in
1282 2385 1490 2446 proelio
1517 2399 1688 2448 seque
1715 2400 1745 2435 e
1771 2400 1897 2436 con-

200 2456 391 2506 tinenti
417 2470 618 2519 genere
643 2459 853 2507 tertiam
871 2459 1149 2508 victimam
1168 2459 1244 2508 rei
1270 2459 1522 2521 publicae
1541 2460 1896 2522 praebuisset.
1920 2479 1965 2513 30

280 2528 547 2581 Contineo
574 2546 662 2582 me
689 2532 758 2582 ab
786 2532 1065 2594 exemplis.
1112 2532 1332 2583 Graecis
1359 2533 1465 2584 hoc
1490 2534 1767 2584 modicum
1795 2540 1895 2585 est:

202 2605 489 2664 Leonidas,
551 2605 977 2668 EpaminondaS,
1014 2611 1119 2657 tres
1153 2607 1322 2670 aliqui
1354 2612 1448 2657 aut
1481 2613 1755 2671 quattuor;
1790 2623 1895 2672 ego

201 2680 245 2728 si
279 2685 494 2730 nostros
529 2680 784 2743 colligere
811 2695 1060 2743 coepero,
1095 2681 1371 2743 perficiam
1406 2682 1539 2732 illud
1566 2683 1803 2745 quidem,
1837 2689 1895 2733 ut

274 2811 300 2853 3
332 2813 406 2853 vel
450 2813 749 2862 cupiditatum
785 2815 1133 2863 temperantiam
1168 2826 1288 2864 quae
1327 2818 1397 2856 est
1436 2815 1689 2855 moderatio
1733 2815 1895 2855 rationi

201 2871 282 2911 BE
404 2872 461 2912 20
493 2872 674 2923 collega
705 2874 806 2914 eius
836 2873 920 2913 BE
1045 2873 1097 2914 21
1136 2874 1385 2915 devoverat
1415 2874 1539 2915 Mdv.
1573 2874 1821 2914 devoveret

202 2930 257 2969 27
291 2928 558 3030 εεεὲίΕἱιιτε]
592 2933 688 2973 iure
721 2935 843 2973 esset
874 2932 955 2972 BE
988 2936 1111 2974 esset
1143 2934 1189 2972 in
1222 2944 1269 2974 re
1300 2933 1342 2974 V
1464 2932 1520 2972 28
1555 2933 1673 2982 pirro
1707 2931 1896 2974 ARNV

203 3000 334 3040 pyrro
