2046 3138
106 739 162 778 56

109 1543 162 1582 57

200 153 302 204 184
411 169 413 171 ·
617 145 703 191 DE
736 144 989 191 FINIBUS
1023 144 1172 195 BON.
1205 145 1283 190 ET
1315 145 1468 191 MAL.
1580 149 1965 191 Lib.Vc.20—21

194 284 473 347 quiescere
506 297 575 334 ne
609 282 851 334 infantes
885 282 1108 346 quidem
1142 282 1373 346 possint.
1419 296 1543 334 cum
1574 295 1708 334 vero
1742 296 1878 346 pau·

195 357 306 407 l-um
330 363 732 420 processerunt,
756 356 1066 408 lusionibus
1088 356 1177 407 vel
1200 356 1495 407 laboriosis
1519 356 1875 415 delectantur,

192 438 254 483 ut
308 445 378 483 ne
433 432 757 483 verberibus
814 431 1037 495 quidem
1095 431 1355 482 deterreri
1415 431 1646 494 possint,
1702 444 1877 494 eaque

194 505 470 569 cupiditas
503 505 705 569 agendi
741 505 951 569 aliquid
985 504 1255 557 adolescit
1286 519 1398 556 una
1432 519 1554 556 cum
1587 505 1878 556 aetatibus

194 580 394 642 itaque,
422 593 491 631 ne
521 580 567 631 si
595 580 1010 631 iucundissimis
1039 579 1260 642 quidem
1290 593 1393 630 nos
1422 580 1652 630 somniis
1678 593 1880 630 usuros
1927 597 1951 632 5

194 654 467 717 putemus,
519 653 881 718 Endymionis
935 667 1191 705 somnum
1242 653 1403 704 nobis
1453 653 1689 710 velimus
1744 653 1878 711 dari,

194 728 360 791 idque
403 728 448 779 si
492 728 720 786 accidat,
761 728 956 779 mortis
996 728 1170 779 instar
1212 733 1486 790 putemus.
1540 729 1670 790 quin
1712 728 1877 778 etiam

194 802 559 853 inertissimos
612 801 865 853 homines
918 802 1104 853 nescio
1159 815 1269 865 qua
1320 801 1587 865 singulari
1644 802 1879 864 segnitia

195 875 478 938 praeditos
510 876 766 927 videmus
800 882 985 927 tamen
1017 881 1071 927 et
1103 889 1332 939 corpore
1365 882 1419 927 et
1450 876 1636 926 animo
1668 875 1878 926 moveri

195 963 413 1013 semper
450 956 517 1008 et,
559 964 682 1001 cum
721 964 778 1002 re
815 950 970 1000 nulla
1008 950 1382 1014 impediantur
1418 950 1745 1008 necessaria,
1784 954 1880 1000 aut
1908 969 1951 1004 10

194 1024 472 1075 alveolum
510 1038 738 1087 poscere
774 1030 871 1075 aut
906 1038 1167 1088 quaerere
1203 1025 1519 1087 quempiam
1556 1024 1750 1074 ludum
1784 1029 1881 1074 aut

196 1112 504 1149 sermonem
557 1098 798 1161 aliquem
851 1099 1141 1161 requirere,
1194 1112 1427 1161 cumque
1477 1112 1588 1149 non
1642 1097 1882 1148 habeant

195 1173 466 1236 ingenuas
511 1186 579 1224 ex
627 1172 878 1224 doctrina
923 1172 1336 1231 oblectationeS,
1382 1172 1616 1223 circulos
1663 1171 1882 1235 aliquos

193 1252 247 1298 et
296 1247 670 1298 sessiunculas
721 1247 1039 1298 consectari.
1088 1248 1219 1310 quin
1266 1260 1335 1297 ne
1383 1246 1594 1298 bestiae
1643 1246 1880 1309 quidem,

196 1335 334 1383 quas
371 1321 754 1372 delectationis
792 1335 960 1372 causa
996 1320 1392 1379 concludimus,
1439 1334 1562 1371 cum
1601 1320 1881 1383 copiosius
1908 1340 1951 1375 15

195 1394 428 1453 alantur,
468 1409 633 1458 quarn
673 1395 719 1446 si
756 1399 942 1446 essent
978 1395 1197 1453 liberae,
1237 1394 1400 1445 facile
1438 1395 1722 1457 patiuntur
1759 1408 1880 1444 sese

196 1473 461 1524 contineri
510 1479 806 1536 motusque
858 1473 1072 1524 solutos
1121 1479 1174 1524 et
1222 1486 1398 1536 vagos
1449 1487 1483 1523 a
1530 1478 1728 1524 natura
1778 1472 1880 1523 sibi

196 1547 432 1598 tributos
481 1548 780 1610 requirunt.
832 1549 1018 1611 itaque
1067 1553 1127 1598 ut
1177 1548 1409 1610 quisque
1461 1547 1669 1610 optime
1717 1552 1882 1597 natus

197 1621 592 1684 institutusque
627 1627 724 1680 est,
761 1635 884 1673 esse
919 1622 1145 1673 omnino
1178 1621 1318 1673 nolit
1353 1622 1408 1671 in
1443 1622 1572 1680 vita,
1608 1621 1654 1672 si
1689 1634 1882 1684 geren-

197 1695 283 1746 dis
322 1696 562 1758 negotiis
603 1696 832 1747 orbatus
871 1696 1050 1759 possit
1089 1696 1456 1758 paratissimis
1496 1696 1645 1746 vesci
1683 1694 1882 1758 volup·
1907 1712 1954 1747 20

197 1770 418 1820 tatibuS.
464 1784 592 1820 nam
630 1776 726 1820 aut
761 1771 1018 1833 privatim
1054 1769 1263 1833 aliquid
1300 1783 1491 1833 gerere
1524 1769 1738 1820 malunt
1771 1774 1882 1827 aut,

198 1843 289 1906 qui
330 1843 526 1895 altiore
566 1845 752 1895 animo
793 1850 935 1902 sunt,
975 1849 1273 1907 capessunt
1313 1858 1426 1895 rem
1467 1843 1745 1906 publicam
1785 1843 1883 1894 ho-

196 1917 425 1968 noribus
448 1918 805 1981 imperiisque
829 1917 1206 1981 adipiscendis
1229 1923 1326 1969 aut
1347 1923 1496 1969 totos
1522 1931 1580 1968 se
1602 1917 1674 1967 ad
1698 1916 1883 1968 studia

198 1991 481 2043 doctrinae
537 1991 843 2043 conferunt.
900 2006 1009 2055 qua
1063 1993 1118 2042 in
1170 1992 1287 2043 vita
1342 1997 1556 2043 tantum
1611 1991 1769 2042 abest
1822 1996 1883 2041 ut

196 2065 515 2129 voluptates
569 2071 965 2125 consectentur,
1019 2066 1185 2117 etiam
1239 2080 1413 2125 curas,
1467 2065 1882 2124 sollicitudines,
1908 2083 1954 2118 25

197 2139 419 2202 vigilias
461 2140 747 2203 perferunt
789 2141 1109 2203 optimaque
1151 2146 1307 2203 parte
1346 2139 1601 2198 hominiS‚
1645 2153 1786 2202 quae
1827 2140 1881 2189 in

198 2214 360 2265 nobis
418 2214 607 2265 divina
665 2214 920 2266 ducenda
974 2220 1072 2273 est,
1128 2214 1334 2278 ingenii
1391 2219 1446 2265 et
1500 2214 1700 2265 mentis
1766 2214 1882 2264 acie

202 2287 459 2339 fruuntur
510 2302 611 2339 nec
662 2288 1008 2351 voluptatem
1063 2289 1402 2350 requirentes
1453 2301 1555 2338 nec
1607 2287 1885 2351 fugientes

200 2361 462 2414 laborem.
531 2376 633 2413 nec
690 2376 823 2413 vero
882 2363 1248 2414 intermittunt
1304 2367 1401 2413 aut
1460 2361 1883 2413 admirationem

198 2450 384 2486 earum
438 2450 636 2495 rerum,
689 2450 830 2499 quae
882 2441 1011 2487 sunt
1062 2436 1132 2486 ab
1180 2435 1422 2499 antiquis
1472 2441 1736 2499 repertae,
1790 2440 1886 2486 aut
1910 2455 1956 2490 30

201 2511 685 2573 investigationem
715 2524 1002 2562 novarum.
1045 2524 1155 2574 quo
1186 2510 1372 2561 studio
1402 2523 1524 2561 cum
1558 2510 1745 2561 satiari
1774 2523 1884 2560 non

201 2584 431 2646 possint,
488 2585 735 2635 omnium
793 2590 1095 2635 ceterarum
1151 2598 1332 2635 rerum
1386 2583 1543 2635 obliti
1600 2583 1735 2634 nihil
1790 2583 1885 2634 ab·

279 2740 298 2780 1
335 2751 438 2781 cum
464 2771 474 2782 .
490 2771 500 2781 .
516 2772 526 2781 .
553 2741 836 2782 delectantur
863 2741 984 2782 Non.
1005 2753 1053 2793 p.
1070 2746 1145 2781 211
1180 2752 1282 2782 cum
1308 2742 1355 2781 hi
1380 2752 1488 2782 vero
1512 2741 1632 2782 Non.
1731 2739 1758 2780 2
1785 2750 1888 2789 pro-

203 2803 438 2840 cesserunt
467 2799 587 2841 Non.
621 2801 926 2850 processerint
1031 2800 1305 2842 laboriosius
1338 2800 1458 2841 Non.
1565 2799 1592 2840 5
1623 2809 1684 2840 ne
1714 2799 1753 2839 si
1785 2799 1889 2839 edd.

203 2859 291 2898 nisi
412 2858 439 2898 8
473 2856 580 2908 qua]
616 2861 693 2909 qui
718 2859 800 2900 BE
891 2860 1089 2909 segnitia
1120 2861 1263 2900 etiam
1287 2859 1323 2900 E
1446 2858 1499 2899 19
1531 2860 1570 2899 si
1593 2857 1809 2908 gerendis

203 2917 516 2966 voluptatibus
539 2918 659 2959 Non.
681 2931 729 2970 ρ.
746 2923 827 2959 416
915 2916 1146 2969 gerendis]
1180 2920 1399 2969 gerundis
1422 2917 1541 2959 Non.
1655 2916 1713 2958 20
1745 2917 1892 2966 possit

206 2976 390 3019 orbatus
421 2976 540 3020 Non.
643 2977 699 3021 32
733 2978 912 3030 possint
942 2977 1050 3019 Em.
1083 2981 1277 3028 possunt
