2046 3138
8 152 36 204 ς
61 153 237 196 40—43
417 184 419 187 .
515 150 601 196 DE
632 148 886 197 Flulssus
919 147 1070 197 Bou.
1103 148 1182 194 ET
1216 145 1370 194 MAL.
1693 155 1794 205 177

101 288 358 347 merulaS,
401 288 660 339 cornibus
703 289 783 339 uti
823 288 1080 339 videmus
1121 287 1310 347 boveS,
1352 300 1528 350 nepas
1569 286 1792 344 aculeiS,

101 376 260 414 suam
318 362 556 425 denique
614 363 811 425 cuique
866 367 1122 413 naturam
1178 375 1302 414 esse
1359 361 1432 412 ad
1487 360 1791 412 vivendum

101 436 314 488 ducem.
352 450 494 500 quae
534 435 840 487 similitudo
878 437 933 486 in
971 450 1173 499 genere
1211 437 1377 487 etiam
1415 435 1660 486 humano
1697 449 1795 498 ap-

100 517 272 574 paret.
311 511 469 575 parvi
498 511 644 561 enim
674 511 852 573 primo
881 516 1005 562 ortu
1036 511 1116 562 sic
1141 511 1335 570 iacent,
1363 515 1648 573 tamquam
1677 523 1794 560 om-

54 586 233 637 5nino
276 586 395 637 sine
436 586 623 636 animo
666 585 790 636 sint.
842 598 966 635 cum
1009 591 1195 636 autem
1238 584 1467 648 paulum
1510 584 1794 636 firmitatis

105 660 352 720 accessit,
389 665 443 711 et
480 660 666 710 animo
703 664 934 710 utuntur
969 664 1023 710 et
1062 659 1317 710 sensibus
1355 660 1797 722 conitunturque,

102 740 162 786 ut
195 748 318 786 sese
350 735 580 798 erigant,
612 739 667 785 et
697 733 956 784 manibus
990 739 1219 784 utuntur
1249 740 1304 785 et
1335 748 1433 785 eos
1467 738 1794 797 agnoscunt,

105 823 140 860 a
190 809 392 872 quibus
445 808 766 859 educantur.
819 807 1021 859 deinde
1072 808 1400 871 aequalibus
1455 807 1800 859 delectantur

105 883 448 946 libenterque
486 896 544 934 se
584 896 707 933 cum
744 883 812 932 iis
850 888 1191 946 congregant
1230 883 1473 946 dantque
1511 896 1571 934 se
1607 882 1680 933 ad
1718 882 1800 932 lu-

39 975 83 1011 10
105 957 350 1008 dendum
387 957 830 1020 fabellarumque
866 956 1153 1008 auditione
1189 956 1466 1008 ducuntur
1501 957 1679 1020 deque
1716 970 1799 1015 ec,

105 1032 253 1095 quod
287 1032 426 1095 ipsis
460 1036 701 1095 superat,
731 1030 857 1082 aliis
886 1031 1191 1094 gratificari
1223 1031 1421 1082 volunt
1450 1031 1800 1082 animadver-

104 1112 337 1169 tuntque
382 1119 463 1164 ea,
509 1119 651 1169 quae
698 1105 850 1156 domi
896 1105 1056 1164 fiunt,
1101 1106 1374 1156 curiosius
1420 1106 1801 1169 incipiuntque

107 1181 466 1232 commentari
501 1180 713 1244 aliquid
749 1185 804 1232 et
839 1179 1050 1231 discere
1084 1185 1138 1231 et
1173 1194 1380 1239 eorum,
1418 1194 1558 1244 quos
1591 1180 1799 1238 vident,

105 1255 303 1306 volunt
348 1269 461 1306 non
509 1255 767 1318 ignorare
812 1255 1055 1313 nomina,
1104 1255 1415 1318 quibusque
1463 1254 1628 1305 rebus
1677 1268 1801 1305 cum

43 1349 85 1383 15
107 1329 435 1393 aequalibus
474 1329 771 1388 decertant,
812 1330 858 1380 si
894 1329 1159 1387 vicerunt,
1196 1329 1441 1380 efferunt
1481 1343 1540 1380 se
1576 1328 1800 1387 laetitia,

106 1405 235 1455 victi
278 1403 636 1455 debilitantur
676 1405 1005 1468 animosque
1044 1403 1355 1454 demittunt.
1406 1417 1641 1466 quorum
1684 1404 1801 1454 sine

109 1492 279 1530 causa
319 1478 443 1529 fieri
485 1478 621 1529 nihil
663 1478 974 1542 putandum
1016 1483 1115 1529 est.
1169 1483 1253 1529 est
1293 1478 1439 1529 enim
1481 1483 1680 1529 natura
1723 1478 1803 1528 sic
1836 1494 1892 1535 43

107 1558 372 1616 generata
394 1554 481 1604 vis
505 1553 762 1611 hominiS,
787 1557 848 1604 ut
870 1552 942 1603 ad
969 1566 1190 1604 omnem
1213 1553 1474 1603 virtutem
1498 1553 1803 1616 percipien-

109 1627 238 1678 dam
265 1627 415 1679 facta
440 1626 712 1686 videatur,
739 1627 810 1678 ob
837 1638 1070 1691 eamque
1099 1641 1324 1678 causam
1351 1627 1509 1690 parvi
1534 1628 1802 1678 virtutum

41 1721 86 1756 20
111 1701 436 1761 simulacris,
468 1715 701 1765 quarum
733 1703 788 1752 in
820 1715 879 1753 se
908 1701 1114 1753 habent
1147 1702 1372 1759 semina,
1405 1702 1522 1752 sine
1554 1700 1805 1752 doctrina

108 1781 426 1834 moventur;
461 1781 590 1828 sunt
623 1777 770 1828 enim
803 1776 983 1839 prima
1014 1775 1288 1827 elementa
1320 1781 1567 1834 naturae,
1602 1775 1803 1839 quibus

109 1851 287 1902 auctis
329 1851 551 1902 virtutis
596 1851 756 1914 quasi
799 1864 1026 1914 germen
1069 1850 1329 1901 efficitur.
1383 1864 1513 1901 nam
1558 1863 1682 1901 cum
1726 1851 1803 1901 ita

110 1926 225 1976 nati
262 1925 506 1989 factique
544 1926 733 1983 simus,
769 1930 830 1977 ut
864 1930 919 1976 et
955 1925 1159 1988 agendi
1195 1924 1406 1988 aliquid
1443 1930 1498 1975 et
1535 1924 1804 1987 diligendi

109 1999 328 2063 aliquos
363 2005 418 2051 et
453 1999 801 2051 liberalitatis
836 2005 891 2052 et
923 1999 1249 2051 referendae
1285 1999 1497 2062 gratiae
1532 1999 1804 2062 principia

42 2094 88 2129 25
110 2075 166 2124 in
191 2073 353 2125 nobis
381 2075 789 2126 contineremus
815 2079 982 2138 atque
1006 2074 1079 2124 ad
1108 2074 1409 2132 scientiam,
1436 2073 1804 2136 prudentiam,

111 2148 497 2199 fortitudinem
529 2154 694 2212 aptos
728 2149 945 2200 animos
977 2148 1307 2200 haberemus
1340 2162 1373 2198 a
1408 2148 1807 2211 contrariisque

112 2223 278 2274 rebus
308 2223 537 2282 alienOS,
568 2236 680 2274 non
713 2224 830 2275 sine
861 2236 1031 2274 causa
1061 2236 1172 2282 eaS‚
1204 2236 1342 2286 quas
1374 2222 1504 2281 dixi,
1536 2222 1591 2272 in
1618 2223 1805 2285 pueris

110 2297 378 2349 virtutum
424 2298 583 2361 quasi
630 2296 898 2350 scintillas
940 2297 1212 2356 videmus,
1257 2310 1287 2347 e
1333 2297 1534 2360 quibus
1577 2296 1804 2348 accendi

113 2371 434 2435 philosophi
482 2373 623 2423 ratio
674 2367 853 2431 debet,
901 2377 963 2423 ut
1009 2386 1132 2423 eam
1184 2372 1342 2435 quasi
1393 2371 1559 2422 deum
1609 2371 1805 2422 ducem

43 2467 90 2502 ao
114 2446 460 2510 subsequens
496 2446 569 2496 ad
606 2451 838 2498 naturae
874 2447 1161 2510 perveniat
1196 2451 1519 2497 extremum.
1566 2460 1711 2504 nam,
1748 2452 1808 2498 ut

115 2534 283 2584 saepe
320 2521 431 2571 iam
472 2520 602 2580 dixi,
640 2521 697 2571 in
735 2520 960 2572 infirma
998 2526 1180 2572 aetate
1218 2519 1584 2583 inbecillaque
1623 2526 1807 2572 mente

114 2595 200 2646 vis
236 2600 467 2646 naturae
505 2595 664 2658 quasi
700 2609 799 2658 per
832 2595 1125 2660 caliginem
1164 2595 1425 2652 cernitur;
1462 2607 1585 2645 cum
1622 2600 1807 2646 autem

191 2753 211 2795 1
246 2754 487 2794 videamus
519 2755 665 2795 boves
695 2753 815 2795 Non.
857 2755 1001 2795 boves
1034 2755 1244 2796 videmus
1276 2754 1362 2795 BE
1514 2766 1661 2804 nepas
1696 2748 1811 2796 ΒΝ1

111 2812 231 2855 Νοη.
264 2825 436 2864 nespas
467 2815 540 2855 vel
570 2824 740 2864 vespas
771 2814 812 2855 V
843 2825 1013 2864 vespas
1044 2808 1209 2855 BEN²
1361 2815 1384 2855 7
1418 2825 1523 2855 sese
1555 2818 1604 2855 ut
1634 2814 1720 2855 BE

114 2875 298 2914 utuntur
321 2875 391 2915 ed.
407 2873 599 2915 Iuntina
632 2877 814 2915 utantur
901 2874 953 2916 13
988 2877 1033 2914 et
1065 2871 1258 2923 discere]
1293 2873 1444 2916 facere
1469 2874 1507 2916 R
1602 2874 1655 2916 15
1686 2877 1810 2918 vice-

115 2936 216 2974 runt
245 2933 369 2975 Mdv.
409 2934 600 2975 vicerint
631 2933 815 2975 BENV
854 2933 1047 2975 dicerint
1077 2934 1116 2975 R
1260 2933 1314 2974 16
1346 2944 1438 2984 que
1469 2946 1559 2978 om.
1585 2935 1720 2978 BEN

114 2992 171 3034 22
203 2990 366 3043 auctis]
404 2994 517 3034 actis
549 2993 587 3035 R
707 3004 897 3044 germen
928 2993 961 3035 Ι.
986 2993 1033 3036 F.
1061 2993 1264 3036 Gronov.
1298 3005 1482 3036 carmen

191 3069 276 3107 Cic.
302 3070 348 3107 43
1460 3070 1514 3112 12
