<?xml version="1.0" encoding="UTF-8"?>
<!DOCTYPE html PUBLIC "-//W3C//DTD XHTML 1.0 Transitional//EN"
    "http://www.w3.org/TR/xhtml1/DTD/xhtml1-transitional.dtd">
<html xmlns="http://www.w3.org/1999/xhtml" xml:lang="en" lang="en">
 <head>
  <title>
</title>
<meta http-equiv="Content-Type" content="text/html;charset=utf-8" />
  <meta name='ocr-system' content='tesseract 3.04.00' />
  <meta name='ocr-capabilities' content='ocr_page ocr_carea ocr_par ocr_line ocrx_word'/>
</head>
<body>
  <div class='ocr_page' id='page_1' title='image "./p1scriptaquaeman13ciceuoft_0114.png"; bbox 0 0 2046 3138; ppageno 0'>
   <div class='ocr_carea' id='block_1_1' title="bbox 107 874 162 914">
    <p class='ocr_par' dir='ltr' id='par_1_1' title="bbox 107 874 162 914">
     <span class='ocr_line' id='line_1_1' title="bbox 107 874 162 914; baseline 0.018 -1"><span class='ocrx_word' id='word_1_1' title='bbox 107 874 162 914; x_wconf 87' lang='lat'>17</span> 
     </span>
    </p>
   </div>
   <div class='ocr_carea' id='block_1_2' title="bbox 104 2062 158 2103">
    <p class='ocr_par' dir='ltr' id='par_1_2' title="bbox 104 2062 158 2103">
     <span class='ocr_line' id='line_1_2' title="bbox 104 2062 158 2103; baseline 0.019 -1"><span class='ocrx_word' id='word_1_2' title='bbox 104 2062 158 2103; x_wconf 89' lang='lat'>18</span> 
     </span>
    </p>
   </div>
   <div class='ocr_carea' id='block_1_3' title="bbox 198 131 1982 192">
    <p class='ocr_par' dir='ltr' id='par_1_3' title="bbox 198 131 1982 192">
     <span class='ocr_line' id='line_1_3' title="bbox 198 131 1982 192; baseline 0.001 -16"><span class='ocrx_word' id='word_1_3' title='bbox 198 142 271 192; x_wconf 85' lang='lat'>94</span> <span class='ocrx_word' id='word_1_4' title='bbox 506 171 509 173; x_wconf 94' lang='lat'>.</span> <span class='ocrx_word' id='word_1_5' title='bbox 624 133 710 178; x_wconf 90' lang='lat' dir='ltr'>DE</span> <span class='ocrx_word' id='word_1_6' title='bbox 743 131 997 178; x_wconf 90' lang='lat' dir='ltr'>FINIBUS</span> <span class='ocrx_word' id='word_1_7' title='bbox 1030 131 1181 178; x_wconf 89' lang='lat' dir='ltr'>BON.</span> <span class='ocrx_word' id='word_1_8' title='bbox 1212 131 1292 177; x_wconf 86' lang='lat' dir='ltr'>ET</span> <span class='ocrx_word' id='word_1_9' title='bbox 1324 131 1476 178; x_wconf 79' lang='lat' dir='ltr'><strong>MAL.</strong></span> <span class='ocrx_word' id='word_1_10' title='bbox 1634 136 1982 179; x_wconf 83' lang='lat' dir='ltr'>Lib.111c.5—6</span> 
     </span>
    </p>
   </div>
   <div class='ocr_carea' id='block_1_4' title="bbox 102 271 1892 336">
    <p class='ocr_par' dir='ltr' id='par_1_4' title="bbox 102 271 1892 336">
     <span class='ocr_line' id='line_1_4' title="bbox 102 271 1892 336; baseline -0.001 -12"><span class='ocrx_word' id='word_1_11' title='bbox 102 277 111 295; x_wconf 67' lang='lat'><em>³</em></span> <span class='ocrx_word' id='word_1_12' title='bbox 196 276 385 324; x_wconf 90' lang='lat' dir='ltr'>vantia</span> <span class='ocrx_word' id='word_1_13' title='bbox 418 276 525 324; x_wconf 92' lang='lat' dir='ltr'>sint</span> <span class='ocrx_word' id='word_1_14' title='bbox 558 275 676 324; x_wconf 91' lang='lat' dir='ltr'>eius</span> <span class='ocrx_word' id='word_1_15' title='bbox 710 278 897 331; x_wconf 88' lang='lat' dir='ltr'>status,</span> <span class='ocrx_word' id='word_1_16' title='bbox 931 272 1226 336; x_wconf 91' lang='lat' dir='ltr'>diligenda,</span> <span class='ocrx_word' id='word_1_17' title='bbox 1260 271 1483 322; x_wconf 90' lang='lat' dir='ltr'>alienari</span> <span class='ocrx_word' id='word_1_18' title='bbox 1509 278 1692 323; x_wconf 91' lang='lat' dir='ltr'>autem</span> <span class='ocrx_word' id='word_1_19' title='bbox 1719 273 1789 324; x_wconf 95' lang='lat' dir='ltr'>ab</span> <span class='ocrx_word' id='word_1_20' title='bbox 1814 275 1892 323; x_wconf 89' lang='lat' dir='ltr'>in-</span> 
     </span>
    </p>
   </div>
   <div class='ocr_carea' id='block_1_5' title="bbox 193 346 1962 782">
    <p class='ocr_par' dir='ltr' id='par_1_5' title="bbox 193 346 1962 782">
     <span class='ocr_line' id='line_1_5' title="bbox 197 346 1891 411; baseline -0.001 -12"><span class='ocrx_word' id='word_1_21' title='bbox 197 350 354 399; x_wconf 91' lang='lat' dir='ltr'>teritu</span> <span class='ocrx_word' id='word_1_22' title='bbox 394 350 571 411; x_wconf 92' lang='lat' dir='ltr'>iisque</span> <span class='ocrx_word' id='word_1_23' title='bbox 615 348 793 407; x_wconf 92' lang='lat' dir='ltr'>rebus,</span> <span class='ocrx_word' id='word_1_24' title='bbox 838 361 981 410; x_wconf 92' lang='lat' dir='ltr'>quae</span> <span class='ocrx_word' id='word_1_25' title='bbox 1025 347 1298 397; x_wconf 89' lang='lat' dir='ltr'>interitum</span> <span class='ocrx_word' id='word_1_26' title='bbox 1338 346 1626 397; x_wconf 91' lang='lat' dir='ltr'>videantur</span> <span class='ocrx_word' id='word_1_27' title='bbox 1669 347 1891 398; x_wconf 78' lang='lat' dir='ltr'>adferre.</span> 
     </span>
     <span class='ocr_line' id='line_1_6' title="bbox 193 420 1894 485; baseline -0.001 -13"><span class='ocrx_word' id='word_1_28' title='bbox 193 420 251 472; x_wconf 89' lang='lat' dir='ltr'>-id</span> <span class='ocrx_word' id='word_1_29' title='bbox 284 424 359 473; x_wconf 89' lang='lat' dir='ltr'>ita</span> <span class='ocrx_word' id='word_1_30' title='bbox 391 436 513 473; x_wconf 92' lang='lat' dir='ltr'>esse</span> <span class='ocrx_word' id='word_1_31' title='bbox 546 423 624 472; x_wconf 92' lang='lat' dir='ltr'>sic</span> <span class='ocrx_word' id='word_1_32' title='bbox 657 422 904 485; x_wconf 91' lang='lat' dir='ltr'>probant,</span> <span class='ocrx_word' id='word_1_33' title='bbox 936 421 1087 484; x_wconf 94' lang='lat' dir='ltr'>quod</span> <span class='ocrx_word' id='word_1_34' title='bbox 1128 426 1271 479; x_wconf 88' lang='lat' dir='ltr'>ante,</span> <span class='ocrx_word' id='word_1_35' title='bbox 1311 434 1478 483; x_wconf 92' lang='lat' dir='ltr'>quam</span> <span class='ocrx_word' id='word_1_36' title='bbox 1509 421 1767 484; x_wconf 88' lang='lat' dir='ltr'>voluptas</span> <span class='ocrx_word' id='word_1_37' title='bbox 1799 426 1894 471; x_wconf 90' lang='lat' dir='ltr'>aut</span> 
     </span>
     <span class='ocr_line' id='line_1_7' title="bbox 198 496 1892 560; baseline -0.001 -14"><span class='ocrx_word' id='word_1_38' title='bbox 198 497 355 548; x_wconf 93' lang='lat' dir='ltr'>dolor</span> <span class='ocrx_word' id='word_1_39' title='bbox 388 498 635 560; x_wconf 85' lang='lat' dir='ltr'>attigerit,</span> <span class='ocrx_word' id='word_1_40' title='bbox 669 496 927 546; x_wconf 89' lang='lat' dir='ltr'>salutaria</span> <span class='ocrx_word' id='word_1_41' title='bbox 951 499 1214 557; x_wconf 88' lang='lat' dir='ltr'>appetant</span> <span class='ocrx_word' id='word_1_42' title='bbox 1247 497 1399 557; x_wconf 90' lang='lat' dir='ltr'>parvi</span> <span class='ocrx_word' id='word_1_43' title='bbox 1424 501 1892 558; x_wconf 85' lang='lat' dir='ltr'>aspernenturque</span> 
     </span>
     <span class='ocr_line' id='line_1_8' title="bbox 198 570 1962 634; baseline 0 -14"><span class='ocrx_word' id='word_1_44' title='bbox 198 572 477 630; x_wconf 89' lang='lat' dir='ltr'>contraria,</span> <span class='ocrx_word' id='word_1_45' title='bbox 511 571 662 634; x_wconf 91' lang='lat' dir='ltr'>quod</span> <span class='ocrx_word' id='word_1_46' title='bbox 694 585 807 622; x_wconf 92' lang='lat' dir='ltr'>non</span> <span class='ocrx_word' id='word_1_47' title='bbox 841 570 1006 628; x_wconf 78' lang='lat' dir='ltr'>fieret,</span> <span class='ocrx_word' id='word_1_48' title='bbox 1039 570 1143 619; x_wconf 89' lang='lat' dir='ltr'>nisi</span> <span class='ocrx_word' id='word_1_49' title='bbox 1176 574 1378 619; x_wconf 91' lang='lat' dir='ltr'>statum</span> <span class='ocrx_word' id='word_1_50' title='bbox 1404 583 1565 619; x_wconf 90' lang='lat' dir='ltr'>suurn</span> <span class='ocrx_word' id='word_1_51' title='bbox 1591 570 1891 634; x_wconf 88' lang='lat' dir='ltr'>diligerent,</span> <span class='ocrx_word' id='word_1_52' title='bbox 1938 580 1962 614; x_wconf 89' lang='lat'><strong>5</strong></span> 
     </span>
     <span class='ocr_line' id='line_1_9' title="bbox 195 644 1893 707; baseline -0.001 -12"><span class='ocrx_word' id='word_1_53' title='bbox 195 647 468 696; x_wconf 89' lang='lat' dir='ltr'>interitum</span> <span class='ocrx_word' id='word_1_54' title='bbox 502 647 767 696; x_wconf 87' lang='lat' dir='ltr'>timerent.</span> <span class='ocrx_word' id='word_1_55' title='bbox 829 644 944 694; x_wconf 81' lang='lat' dir='ltr'>fieri</span> <span class='ocrx_word' id='word_1_56' title='bbox 985 649 1169 693; x_wconf 91' lang='lat' dir='ltr'>autern</span> <span class='ocrx_word' id='word_1_57' title='bbox 1202 657 1314 694; x_wconf 92' lang='lat' dir='ltr'>non</span> <span class='ocrx_word' id='word_1_58' title='bbox 1361 649 1549 706; x_wconf 91' lang='lat' dir='ltr'>posset</span> <span class='ocrx_word' id='word_1_59' title='bbox 1581 650 1639 694; x_wconf 89' lang='lat' dir='ltr'>ut</span> <span class='ocrx_word' id='word_1_60' title='bbox 1671 649 1893 707; x_wconf 89' lang='lat' dir='ltr'>appete-</span> 
     </span>
     <span class='ocr_line' id='line_1_10' title="bbox 195 718 1894 782; baseline -0.001 -13"><span class='ocrx_word' id='word_1_61' title='bbox 195 725 313 770; x_wconf 91' lang='lat' dir='ltr'>rent</span> <span class='ocrx_word' id='word_1_62' title='bbox 345 719 568 782; x_wconf 91' lang='lat' dir='ltr'>aliquid‚</span> <span class='ocrx_word' id='word_1_63' title='bbox 601 720 706 769; x_wconf 91' lang='lat' dir='ltr'>nisi</span> <span class='ocrx_word' id='word_1_64' title='bbox 740 733 964 769; x_wconf 90' lang='lat' dir='ltr'>sensum</span> <span class='ocrx_word' id='word_1_65' title='bbox 998 718 1262 768; x_wconf 90' lang='lat' dir='ltr'>haberent</span> <span class='ocrx_word' id='word_1_66' title='bbox 1294 719 1378 767; x_wconf 93' lang='lat' dir='ltr'>sui</span> <span class='ocrx_word' id='word_1_67' title='bbox 1405 731 1585 781; x_wconf 93' lang='lat' dir='ltr'>eoque</span> <span class='ocrx_word' id='word_1_68' title='bbox 1610 733 1671 774; x_wconf 88' lang='lat' dir='ltr'>se</span> <span class='ocrx_word' id='word_1_69' title='bbox 1704 718 1894 782; x_wconf 88' lang='lat' dir='ltr'>dilige-</span> 
     </span>
    </p>
   </div>
   <div class='ocr_carea' id='block_1_6' title="bbox 187 792 1893 931">
    <p class='ocr_par' dir='ltr' id='par_1_6' title="bbox 187 792 1893 931">
     <span class='ocr_line' id='line_1_11' title="bbox 187 792 1893 857; baseline -0.001 -13"><span class='ocrx_word' id='word_1_70' title='bbox 187 800 326 844; x_wconf 75' lang='lat' dir='ltr'>rent.</span> <span class='ocrx_word' id='word_1_71' title='bbox 390 808 457 844; x_wconf 89' lang='lat' dir='ltr'>ex</span> <span class='ocrx_word' id='word_1_72' title='bbox 498 808 609 857; x_wconf 93' lang='lat' dir='ltr'>quo</span> <span class='ocrx_word' id='word_1_73' title='bbox 651 793 894 856; x_wconf 85' lang='lat' dir='ltr'>intellegi</span> <span class='ocrx_word' id='word_1_74' title='bbox 934 792 1099 842; x_wconf 93' lang='lat' dir='ltr'>debet</span> <span class='ocrx_word' id='word_1_75' title='bbox 1139 793 1464 855; x_wconf 91' lang='lat' dir='ltr'>principium</span> <span class='ocrx_word' id='word_1_76' title='bbox 1505 792 1729 842; x_wconf 90' lang='lat' dir='ltr'>ductum</span> <span class='ocrx_word' id='word_1_77' title='bbox 1771 806 1893 843; x_wconf 91' lang='lat' dir='ltr'>esse</span> 
     </span>
     <span class='ocr_line' id='line_1_12' title="bbox 188 861 1893 931; baseline -0.001 -13"><span class='ocrx_word' id='word_1_78' title='bbox 188 882 229 918; x_wconf 85' lang='lat' dir='ltr'>a</span> <span class='ocrx_word' id='word_1_79' title='bbox 272 883 333 919; x_wconf 90' lang='lat' dir='ltr'>se</span> <span class='ocrx_word' id='word_1_80' title='bbox 377 868 675 931; x_wconf 84' lang='lat' dir='ltr'>diligendO.</span> <span class='ocrx_word' id='word_1_81' title='bbox 745 869 800 917; x_wconf 90' lang='lat' dir='ltr'>in</span> <span class='ocrx_word' id='word_1_82' title='bbox 841 868 1118 930; x_wconf 87' lang='lat' dir='ltr'>principiis</span> <span class='ocrx_word' id='word_1_83' title='bbox 1159 871 1342 916; x_wconf 91' lang='lat' dir='ltr'>autem</span> <span class='ocrx_word' id='word_1_84' title='bbox 1375 866 1713 917; x_wconf 91' lang='lat' dir='ltr'>naturalibus</span> <span class='ocrx_word' id='word_1_85' title='bbox 1751 861 1893 931; x_wconf 92' lang='lat' dir='ltr'>[dili-</span> 
     </span>
    </p>
   </div>
   <div class='ocr_carea' id='block_1_7' title="bbox 191 937 1962 2710">
    <p class='ocr_par' dir='ltr' id='par_1_7' title="bbox 191 937 1962 2710">
     <span class='ocr_line' id='line_1_13' title="bbox 195 937 1962 1006; baseline -0.004 -14"><span class='ocrx_word' id='word_1_86' title='bbox 195 943 362 1005; x_wconf 89' lang='lat' dir='ltr'>gendi</span> <span class='ocrx_word' id='word_1_87' title='bbox 396 937 503 1006; x_wconf 89' lang='lat' dir='ltr'>sui]</span> <span class='ocrx_word' id='word_1_88' title='bbox 543 942 789 1005; x_wconf 87' lang='lat' dir='ltr'>plerique</span> <span class='ocrx_word' id='word_1_89' title='bbox 822 940 990 992; x_wconf 88' lang='lat' dir='ltr'>Stoici</span> <span class='ocrx_word' id='word_1_90' title='bbox 1023 955 1136 992; x_wconf 93' lang='lat' dir='ltr'>non</span> <span class='ocrx_word' id='word_1_91' title='bbox 1171 946 1363 1003; x_wconf 92' lang='lat' dir='ltr'>putant</span> <span class='ocrx_word' id='word_1_92' title='bbox 1393 941 1734 1003; x_wconf 89' lang='lat' dir='ltr'>voluptatem</span> <span class='ocrx_word' id='word_1_93' title='bbox 1770 955 1892 992; x_wconf 90' lang='lat' dir='ltr'>esse</span> <span class='ocrx_word' id='word_1_94' title='bbox 1918 950 1962 986; x_wconf 87' lang='grc' dir='ltr'>ιο</span> 
     </span>
     <span class='ocr_line' id='line_1_14' title="bbox 196 1015 1891 1079; baseline -0.001 -12"><span class='ocrx_word' id='word_1_95' title='bbox 196 1018 527 1078; x_wconf 89' lang='lat' dir='ltr'>ponendam.</span> <span class='ocrx_word' id='word_1_96' title='bbox 601 1017 802 1079; x_wconf 91' lang='lat' dir='ltr'>quibus</span> <span class='ocrx_word' id='word_1_97' title='bbox 847 1029 952 1079; x_wconf 90' lang='lat' dir='ltr'>ego</span> <span class='ocrx_word' id='word_1_98' title='bbox 992 1015 1347 1065; x_wconf 91' lang='lat' dir='ltr'>vehementer</span> <span class='ocrx_word' id='word_1_99' title='bbox 1385 1015 1677 1074; x_wconf 88' lang='lat' dir='ltr'>adsentior,</span> <span class='ocrx_word' id='word_1_100' title='bbox 1720 1029 1806 1074; x_wconf 91' lang='lat' dir='ltr'>ne,</span> <span class='ocrx_word' id='word_1_101' title='bbox 1846 1017 1891 1065; x_wconf 93' lang='lat' dir='ltr'>si</span> 
     </span>
     <span class='ocr_line' id='line_1_15' title="bbox 194 1089 1892 1154; baseline -0.001 -14"><span class='ocrx_word' id='word_1_102' title='bbox 194 1091 535 1154; x_wconf 88' lang='lat' dir='ltr'>voluptatem</span> <span class='ocrx_word' id='word_1_103' title='bbox 568 1095 762 1141; x_wconf 90' lang='lat' dir='ltr'>natura</span> <span class='ocrx_word' id='word_1_104' title='bbox 794 1091 1048 1153; x_wconf 90' lang='lat' dir='ltr'>posuisse</span> <span class='ocrx_word' id='word_1_105' title='bbox 1080 1091 1134 1139; x_wconf 93' lang='lat' dir='ltr'>in</span> <span class='ocrx_word' id='word_1_106' title='bbox 1167 1091 1232 1140; x_wconf 92' lang='lat' dir='ltr'>iis</span> <span class='ocrx_word' id='word_1_107' title='bbox 1266 1089 1427 1140; x_wconf 91' lang='lat' dir='ltr'>rebus</span> <span class='ocrx_word' id='word_1_108' title='bbox 1451 1089 1715 1148; x_wconf 91' lang='lat' dir='ltr'>videatur,</span> <span class='ocrx_word' id='word_1_109' title='bbox 1748 1103 1892 1153; x_wconf 92' lang='lat' dir='ltr'>quae</span> 
     </span>
     <span class='ocr_line' id='line_1_16' title="bbox 195 1164 1892 1228; baseline -0.001 -13"><span class='ocrx_word' id='word_1_110' title='bbox 195 1167 402 1227; x_wconf 85' lang='lat' dir='ltr'>primae</span> <span class='ocrx_word' id='word_1_111' title='bbox 435 1170 779 1228; x_wconf 89' lang='lat' dir='ltr'>appetuntur,</span> <span class='ocrx_word' id='word_1_112' title='bbox 823 1164 996 1214; x_wconf 92' lang='lat' dir='ltr'>multa</span> <span class='ocrx_word' id='word_1_113' title='bbox 1027 1165 1205 1226; x_wconf 91' lang='lat' dir='ltr'>turpia</span> <span class='ocrx_word' id='word_1_114' title='bbox 1236 1169 1548 1227; x_wconf 88' lang='lat' dir='ltr'>sequantur.</span> <span class='ocrx_word' id='word_1_115' title='bbox 1603 1165 1735 1214; x_wconf 90' lang='lat' dir='ltr'>satis</span> <span class='ocrx_word' id='word_1_116' title='bbox 1769 1178 1892 1215; x_wconf 91' lang='lat' dir='ltr'>esse</span> 
     </span>
     <span class='ocr_line' id='line_1_17' title="bbox 195 1238 1893 1303; baseline -0.001 -14"><span class='ocrx_word' id='word_1_117' title='bbox 195 1245 378 1290; x_wconf 90' lang='lat' dir='ltr'>autem</span> <span class='ocrx_word' id='word_1_118' title='bbox 403 1241 713 1303; x_wconf 77' lang='lat' dir='ltr'>¹argumenti</span> <span class='ocrx_word' id='word_1_119' title='bbox 737 1239 952 1289; x_wconf 92' lang='lat' dir='ltr'>videtur</span> <span class='ocrx_word' id='word_1_120' title='bbox 977 1252 1144 1301; x_wconf 91' lang='lat' dir='ltr'>quam</span> <span class='ocrx_word' id='word_1_121' title='bbox 1171 1238 1244 1289; x_wconf 96' lang='lat' dir='ltr'>ob</span> <span class='ocrx_word' id='word_1_122' title='bbox 1270 1252 1382 1288; x_wconf 91' lang='lat' dir='ltr'>rem</span> <span class='ocrx_word' id='word_1_123' title='bbox 1408 1238 1514 1297; x_wconf 93' lang='lat' dir='ltr'>illa,</span> <span class='ocrx_word' id='word_1_124' title='bbox 1548 1252 1692 1301; x_wconf 91' lang='lat' dir='ltr'>quae</span> <span class='ocrx_word' id='word_1_125' title='bbox 1718 1240 1893 1301; x_wconf 90' lang='lat' dir='ltr'>prima</span> 
     </span>
     <span class='ocr_line' id='line_1_18' title="bbox 194 1312 1960 1376; baseline -0.004 -12"><span class='ocrx_word' id='word_1_126' title='bbox 194 1319 320 1364; x_wconf 90' lang='lat' dir='ltr'>sunt</span> <span class='ocrx_word' id='word_1_127' title='bbox 360 1314 569 1364; x_wconf 91' lang='lat' dir='ltr'>adscita</span> <span class='ocrx_word' id='word_1_128' title='bbox 607 1319 815 1372; x_wconf 90' lang='lat' dir='ltr'>natura,</span> <span class='ocrx_word' id='word_1_129' title='bbox 860 1312 1169 1376; x_wconf 86' lang='lat' dir='ltr'>diligamuS,</span> <span class='ocrx_word' id='word_1_130' title='bbox 1211 1312 1361 1375; x_wconf 91' lang='lat' dir='ltr'>quod</span> <span class='ocrx_word' id='word_1_131' title='bbox 1396 1317 1477 1362; x_wconf 89' lang='lat' dir='ltr'>est</span> <span class='ocrx_word' id='word_1_132' title='bbox 1516 1327 1697 1372; x_wconf 91' lang='lat' dir='ltr'>nemo,</span> <span class='ocrx_word' id='word_1_133' title='bbox 1742 1314 1891 1375; x_wconf 90' lang='lat' dir='ltr'>quin,</span> <span class='ocrx_word' id='word_1_134' title='bbox 1916 1322 1960 1357; x_wconf 86' lang='lat'>15</span> 
     </span>
     <span class='ocr_line' id='line_1_19' title="bbox 196 1386 1891 1450; baseline -0.001 -12"><span class='ocrx_word' id='word_1_135' title='bbox 196 1402 319 1438; x_wconf 92' lang='lat' dir='ltr'>cum</span> <span class='ocrx_word' id='word_1_136' title='bbox 346 1390 613 1438; x_wconf 87' lang='lat' dir='ltr'>utrumvis</span> <span class='ocrx_word' id='word_1_137' title='bbox 639 1388 813 1446; x_wconf 90' lang='lat' dir='ltr'>liceat,</span> <span class='ocrx_word' id='word_1_138' title='bbox 838 1392 994 1450; x_wconf 91' lang='lat' dir='ltr'>aptas</span> <span class='ocrx_word' id='word_1_139' title='bbox 1020 1386 1172 1436; x_wconf 91' lang='lat' dir='ltr'>malit</span> <span class='ocrx_word' id='word_1_140' title='bbox 1198 1392 1250 1437; x_wconf 91' lang='lat' dir='ltr'>et</span> <span class='ocrx_word' id='word_1_141' title='bbox 1267 1388 1504 1450; x_wconf 90' lang='lat' dir='ltr'>integras</span> <span class='ocrx_word' id='word_1_142' title='bbox 1524 1389 1703 1437; x_wconf 93' lang='lat' dir='ltr'>omnis</span> <span class='ocrx_word' id='word_1_143' title='bbox 1726 1388 1891 1449; x_wconf 89' lang='lat' dir='ltr'>partis</span> 
     </span>
     <span class='ocr_line' id='line_1_20' title="bbox 195 1461 1891 1525; baseline -0.001 -13"><span class='ocrx_word' id='word_1_144' title='bbox 195 1465 439 1525; x_wconf 90' lang='lat' dir='ltr'>corporis</span> <span class='ocrx_word' id='word_1_145' title='bbox 473 1477 655 1525; x_wconf 89' lang='lat' dir='ltr'>quam,</span> <span class='ocrx_word' id='word_1_146' title='bbox 690 1462 889 1513; x_wconf 91' lang='lat' dir='ltr'>eodem</span> <span class='ocrx_word' id='word_1_147' title='bbox 922 1476 1042 1520; x_wconf 59' lang='lat' dir='ltr'>usm</span> <span class='ocrx_word' id='word_1_148' title='bbox 1076 1463 1372 1511; x_wconf 86' lang='lat' dir='ltr'>inminutas</span> <span class='ocrx_word' id='word_1_149' title='bbox 1406 1467 1500 1511; x_wconf 91' lang='lat' dir='ltr'>aut</span> <span class='ocrx_word' id='word_1_150' title='bbox 1525 1461 1764 1512; x_wconf 90' lang='lat' dir='ltr'>detortas</span> <span class='ocrx_word' id='word_1_151' title='bbox 1796 1461 1891 1511; x_wconf 92' lang='lat' dir='ltr'>ha-</span> 
     </span>
     <span class='ocr_line' id='line_1_21' title="bbox 193 1535 1891 1599; baseline -0.001 -12"><span class='ocrx_word' id='word_1_152' title='bbox 193 1537 335 1587; x_wconf 91' lang='lat' dir='ltr'>bere.</span> <span class='ocrx_word' id='word_1_153' title='bbox 414 1551 590 1587; x_wconf 89' lang='lat' dir='ltr'>rerum</span> <span class='ocrx_word' id='word_1_154' title='bbox 639 1541 823 1586; x_wconf 91' lang='lat' dir='ltr'>autem</span> <span class='ocrx_word' id='word_1_155' title='bbox 865 1536 1224 1599; x_wconf 86' lang='lat' dir='ltr'>cognitioneS,</span> <span class='ocrx_word' id='word_1_156' title='bbox 1280 1549 1418 1598; x_wconf 92' lang='lat' dir='ltr'>quas</span> <span class='ocrx_word' id='word_1_157' title='bbox 1464 1535 1555 1586; x_wconf 91' lang='lat' dir='ltr'>vel</span> <span class='ocrx_word' id='word_1_158' title='bbox 1602 1549 1891 1598; x_wconf 89' lang='lat' dir='ltr'>compre-</span> 
     </span>
     <span class='ocr_line' id='line_1_22' title="bbox 194 1609 1891 1673; baseline 0 -13"><span class='ocrx_word' id='word_1_159' title='bbox 194 1611 555 1662; x_wconf 91' lang='lat' dir='ltr'>hensiones</span> <span class='ocrx_word' id='word_1_160' title='bbox 585 1610 676 1661; x_wconf 90' lang='lat' dir='ltr'>vel</span> <span class='ocrx_word' id='word_1_161' title='bbox 711 1611 1172 1673; x_wconf 92' lang='lat' dir='ltr'>perceptiones</span> <span class='ocrx_word' id='word_1_162' title='bbox 1204 1609 1309 1668; x_wconf 88' lang='lat' dir='ltr'>vel,</span> <span class='ocrx_word' id='word_1_163' title='bbox 1350 1611 1395 1659; x_wconf 94' lang='lat' dir='ltr'>si</span> <span class='ocrx_word' id='word_1_164' title='bbox 1428 1609 1566 1660; x_wconf 90' lang='lat' dir='ltr'>haec</span> <span class='ocrx_word' id='word_1_165' title='bbox 1596 1610 1766 1660; x_wconf 87' lang='lat' dir='ltr'>verba</span> <span class='ocrx_word' id='word_1_166' title='bbox 1797 1615 1891 1659; x_wconf 88' lang='lat' dir='ltr'>aut</span> 
     </span>
     <span class='ocr_line' id='line_1_23' title="bbox 193 1681 1961 1748; baseline -0.003 -13"><span class='ocrx_word' id='word_1_167' title='bbox 193 1686 374 1735; x_wconf 91' lang='lat' dir='ltr'>minus</span> <span class='ocrx_word' id='word_1_168' title='bbox 409 1686 628 1748; x_wconf 87' lang='lat' dir='ltr'>placent</span> <span class='ocrx_word' id='word_1_169' title='bbox 660 1690 754 1735; x_wconf 92' lang='lat' dir='ltr'>aut</span> <span class='ocrx_word' id='word_1_170' title='bbox 785 1685 967 1734; x_wconf 91' lang='lat' dir='ltr'>minus</span> <span class='ocrx_word' id='word_1_171' title='bbox 1000 1683 1402 1747; x_wconf 87' lang='lat' dir='ltr'>intelleguntur,</span> <span class='ocrx_word' id='word_1_172' title='bbox 1434 1681 1765 1747; x_wconf 80' lang='grc' dir='ltr'><em>καταλήψεις</em></span> <span class='ocrx_word' id='word_1_173' title='bbox 1796 1698 1890 1746; x_wconf 87' lang='lat' dir='ltr'>ap·</span> <span class='ocrx_word' id='word_1_174' title='bbox 1913 1692 1961 1730; x_wconf 83' lang='lat'>2⁰</span> 
     </span>
     <span class='ocr_line' id='line_1_24' title="bbox 195 1758 1891 1822; baseline -0.001 -12"><span class='ocrx_word' id='word_1_175' title='bbox 195 1759 465 1822; x_wconf 91' lang='lat' dir='ltr'>pellemus</span> <span class='ocrx_word' id='word_1_176' title='bbox 499 1759 637 1818; x_wconf 90' lang='lat' dir='ltr'>licet,</span> <span class='ocrx_word' id='word_1_177' title='bbox 672 1773 765 1810; x_wconf 90' lang='lat' dir='ltr'>eas</span> <span class='ocrx_word' id='word_1_178' title='bbox 798 1759 959 1822; x_wconf 90' lang='lat' dir='ltr'>igitur</span> <span class='ocrx_word' id='word_1_179' title='bbox 991 1760 1140 1821; x_wconf 91' lang='lat' dir='ltr'>ipsas</span> <span class='ocrx_word' id='word_1_180' title='bbox 1174 1763 1392 1821; x_wconf 90' lang='lat' dir='ltr'>propter</span> <span class='ocrx_word' id='word_1_181' title='bbox 1416 1772 1478 1808; x_wconf 92' lang='lat' dir='ltr'>se</span> <span class='ocrx_word' id='word_1_182' title='bbox 1502 1758 1891 1809; x_wconf 88' lang='lat' dir='ltr'>adsciscendas</span> 
     </span>
     <span class='ocr_line' id='line_1_25' title="bbox 192 1832 1891 1896; baseline -0.001 -13"><span class='ocrx_word' id='word_1_183' title='bbox 192 1834 526 1892; x_wconf 87' lang='lat' dir='ltr'>arbitramur,</span> <span class='ocrx_word' id='word_1_184' title='bbox 567 1833 719 1896; x_wconf 94' lang='lat' dir='ltr'>quod</span> <span class='ocrx_word' id='word_1_185' title='bbox 759 1833 1001 1883; x_wconf 90' lang='lat' dir='ltr'>habeant</span> <span class='ocrx_word' id='word_1_186' title='bbox 1041 1832 1306 1895; x_wconf 89' lang='lat' dir='ltr'>quiddam</span> <span class='ocrx_word' id='word_1_187' title='bbox 1347 1834 1402 1882; x_wconf 93' lang='lat' dir='ltr'>in</span> <span class='ocrx_word' id='word_1_188' title='bbox 1443 1846 1503 1883; x_wconf 92' lang='lat' dir='ltr'>se</span> <span class='ocrx_word' id='word_1_189' title='bbox 1544 1834 1701 1896; x_wconf 91' lang='lat' dir='ltr'>quasi</span> <span class='ocrx_word' id='word_1_190' title='bbox 1745 1846 1891 1883; x_wconf 91' lang='lat' dir='ltr'>com-</span> 
     </span>
     <span class='ocr_line' id='line_1_26' title="bbox 193 1906 1891 1970; baseline -0.001 -13"><span class='ocrx_word' id='word_1_191' title='bbox 193 1907 414 1970; x_wconf 89' lang='lat' dir='ltr'>plexum</span> <span class='ocrx_word' id='word_1_192' title='bbox 450 1913 503 1958; x_wconf 90' lang='lat' dir='ltr'>et</span> <span class='ocrx_word' id='word_1_193' title='bbox 536 1908 823 1959; x_wconf 90' lang='lat' dir='ltr'>continens</span> <span class='ocrx_word' id='word_1_194' title='bbox 856 1908 1155 1957; x_wconf 87' lang='lat' dir='ltr'>veritatem.</span> <span class='ocrx_word' id='word_1_195' title='bbox 1211 1906 1266 1956; x_wconf 94' lang='lat' dir='ltr'>id</span> <span class='ocrx_word' id='word_1_196' title='bbox 1299 1912 1483 1956; x_wconf 90' lang='lat' dir='ltr'>autem</span> <span class='ocrx_word' id='word_1_197' title='bbox 1517 1907 1571 1957; x_wconf 93' lang='lat' dir='ltr'>in</span> <span class='ocrx_word' id='word_1_198' title='bbox 1598 1908 1779 1969; x_wconf 91' lang='lat' dir='ltr'>parvis</span> <span class='ocrx_word' id='word_1_199' title='bbox 1812 1907 1891 1956; x_wconf 92' lang='lat' dir='ltr'>in-</span> 
     </span>
     <span class='ocr_line' id='line_1_27' title="bbox 192 1981 1889 2045; baseline -0.001 -14"><span class='ocrx_word' id='word_1_200' title='bbox 192 1981 376 2045; x_wconf 88' lang='lat' dir='ltr'>tellegi</span> <span class='ocrx_word' id='word_1_201' title='bbox 410 1987 605 2044; x_wconf 90' lang='lat' dir='ltr'>potest,</span> <span class='ocrx_word' id='word_1_202' title='bbox 643 1995 784 2045; x_wconf 94' lang='lat' dir='ltr'>quos</span> <span class='ocrx_word' id='word_1_203' title='bbox 819 1981 1074 2031; x_wconf 90' lang='lat' dir='ltr'>delectari</span> <span class='ocrx_word' id='word_1_204' title='bbox 1106 1981 1411 2039; x_wconf 85' lang='lat' dir='ltr'>videamuS,</span> <span class='ocrx_word' id='word_1_205' title='bbox 1453 1982 1665 2031; x_wconf 91' lang='lat' dir='ltr'>etiamsi</span> <span class='ocrx_word' id='word_1_206' title='bbox 1700 1995 1889 2032; x_wconf 87' lang='lat' dir='ltr'>eorum</span> 
     </span>
     <span class='ocr_line' id='line_1_28' title="bbox 192 2055 1960 2119; baseline -0.003 -13"><span class='ocrx_word' id='word_1_207' title='bbox 192 2055 325 2106; x_wconf 91' lang='lat' dir='ltr'>nihil</span> <span class='ocrx_word' id='word_1_208' title='bbox 351 2057 571 2115; x_wconf 89' lang='lat' dir='ltr'>intersit,</span> <span class='ocrx_word' id='word_1_209' title='bbox 597 2057 643 2106; x_wconf 95' lang='lat' dir='ltr'>si</span> <span class='ocrx_word' id='word_1_210' title='bbox 669 2055 802 2119; x_wconf 89' lang='lat' dir='ltr'>quid</span> <span class='ocrx_word' id='word_1_211' title='bbox 826 2056 1036 2106; x_wconf 91' lang='lat' dir='ltr'>ratione</span> <span class='ocrx_word' id='word_1_212' title='bbox 1062 2069 1157 2118; x_wconf 92' lang='lat' dir='ltr'>per</span> <span class='ocrx_word' id='word_1_213' title='bbox 1182 2069 1242 2105; x_wconf 90' lang='lat' dir='ltr'>se</span> <span class='ocrx_word' id='word_1_214' title='bbox 1267 2056 1371 2118; x_wconf 93' lang='lat' dir='ltr'>ipsi</span> <span class='ocrx_word' id='word_1_215' title='bbox 1396 2056 1715 2106; x_wconf 86' lang='lat' dir='ltr'>invenerint.</span> <span class='ocrx_word' id='word_1_216' title='bbox 1763 2056 1890 2105; x_wconf 87' lang='lat' dir='ltr'>artis</span> <span class='ocrx_word' id='word_1_217' title='bbox 1913 2063 1960 2100; x_wconf 79' lang='lat'>25</span> 
     </span>
     <span class='ocr_line' id='line_1_29' title="bbox 192 2129 1889 2193; baseline -0.001 -13"><span class='ocrx_word' id='word_1_218' title='bbox 192 2131 355 2180; x_wconf 89' lang='lat' dir='ltr'>etiam</span> <span class='ocrx_word' id='word_1_219' title='bbox 389 2132 538 2193; x_wconf 92' lang='lat' dir='ltr'>ipsas</span> <span class='ocrx_word' id='word_1_220' title='bbox 565 2135 784 2193; x_wconf 91' lang='lat' dir='ltr'>propter</span> <span class='ocrx_word' id='word_1_221' title='bbox 809 2143 869 2180; x_wconf 92' lang='lat' dir='ltr'>se</span> <span class='ocrx_word' id='word_1_222' title='bbox 894 2129 1268 2180; x_wconf 90' lang='lat' dir='ltr'>adsumendas</span> <span class='ocrx_word' id='word_1_223' title='bbox 1295 2134 1567 2192; x_wconf 85' lang='lat' dir='ltr'>putamuS,</span> <span class='ocrx_word' id='word_1_224' title='bbox 1601 2144 1724 2179; x_wconf 92' lang='lat' dir='ltr'>cum</span> <span class='ocrx_word' id='word_1_225' title='bbox 1759 2130 1889 2192; x_wconf 91' lang='lat' dir='ltr'>quia</span> 
     </span>
     <span class='ocr_line' id='line_1_30' title="bbox 192 2204 1888 2267; baseline -0.001 -13"><span class='ocrx_word' id='word_1_226' title='bbox 192 2206 259 2255; x_wconf 92' lang='lat' dir='ltr'>sit</span> <span class='ocrx_word' id='word_1_227' title='bbox 291 2206 346 2254; x_wconf 92' lang='lat' dir='ltr'>in</span> <span class='ocrx_word' id='word_1_228' title='bbox 379 2206 443 2255; x_wconf 92' lang='lat' dir='ltr'>iis</span> <span class='ocrx_word' id='word_1_229' title='bbox 477 2204 684 2267; x_wconf 89' lang='lat' dir='ltr'>aliquid</span> <span class='ocrx_word' id='word_1_230' title='bbox 718 2204 947 2267; x_wconf 91' lang='lat' dir='ltr'>dignum</span> <span class='ocrx_word' id='word_1_231' title='bbox 980 2204 1384 2266; x_wconf 90' lang='lat' dir='ltr'>adsumptione,</span> <span class='ocrx_word' id='word_1_232' title='bbox 1426 2208 1541 2253; x_wconf 90' lang='lat' dir='ltr'>tum</span> <span class='ocrx_word' id='word_1_233' title='bbox 1576 2204 1726 2266; x_wconf 92' lang='lat' dir='ltr'>quod</span> <span class='ocrx_word' id='word_1_234' title='bbox 1761 2217 1888 2255; x_wconf 91' lang='lat' dir='ltr'>con-</span> 
     </span>
     <span class='ocr_line' id='line_1_31' title="bbox 191 2277 1888 2342; baseline -0.001 -14"><span class='ocrx_word' id='word_1_235' title='bbox 191 2284 334 2329; x_wconf 88' lang='lat' dir='ltr'>stent</span> <span class='ocrx_word' id='word_1_236' title='bbox 367 2293 433 2329; x_wconf 88' lang='lat' dir='ltr'>ex</span> <span class='ocrx_word' id='word_1_237' title='bbox 467 2278 876 2342; x_wconf 90' lang='lat' dir='ltr'>cognitionibus</span> <span class='ocrx_word' id='word_1_238' title='bbox 910 2283 963 2328; x_wconf 93' lang='lat' dir='ltr'>et</span> <span class='ocrx_word' id='word_1_239' title='bbox 995 2279 1312 2329; x_wconf 89' lang='lat' dir='ltr'>contineant</span> <span class='ocrx_word' id='word_1_240' title='bbox 1344 2277 1608 2341; x_wconf 87' lang='lat' dir='ltr'>quiddam</span> <span class='ocrx_word' id='word_1_241' title='bbox 1634 2280 1689 2328; x_wconf 93' lang='lat' dir='ltr'>in</span> <span class='ocrx_word' id='word_1_242' title='bbox 1715 2291 1776 2328; x_wconf 92' lang='lat' dir='ltr'>se</span> <span class='ocrx_word' id='word_1_243' title='bbox 1807 2291 1888 2327; x_wconf 90' lang='lat' dir='ltr'>ra-</span> 
     </span>
     <span class='ocr_line' id='line_1_32' title="bbox 191 2352 1888 2404; baseline -0.001 -2"><span class='ocrx_word' id='word_1_244' title='bbox 191 2354 341 2404; x_wconf 88' lang='lat' dir='ltr'>tione</span> <span class='ocrx_word' id='word_1_245' title='bbox 389 2355 741 2403; x_wconf 90' lang='lat' dir='ltr'>constitutum</span> <span class='ocrx_word' id='word_1_246' title='bbox 792 2357 844 2403; x_wconf 92' lang='lat' dir='ltr'>et</span> <span class='ocrx_word' id='word_1_247' title='bbox 881 2353 987 2402; x_wconf 90' lang='lat' dir='ltr'>via.</span> <span class='ocrx_word' id='word_1_248' title='bbox 1065 2366 1098 2401; x_wconf 94' lang='lat' dir='ltr'>a</span> <span class='ocrx_word' id='word_1_249' title='bbox 1145 2352 1282 2402; x_wconf 79' lang='lat' dir='ltr'>falsa</span> <span class='ocrx_word' id='word_1_250' title='bbox 1330 2357 1512 2402; x_wconf 89' lang='lat' dir='ltr'>autern</span> <span class='ocrx_word' id='word_1_251' title='bbox 1555 2352 1888 2402; x_wconf 90' lang='lat' dir='ltr'>adsensione</span> 
     </span>
     <span class='ocr_line' id='line_1_33' title="bbox 191 2426 1958 2490; baseline -0.002 -14"><span class='ocrx_word' id='word_1_252' title='bbox 191 2428 368 2490; x_wconf 87' lang='lat' dir='ltr'>magis</span> <span class='ocrx_word' id='word_1_253' title='bbox 407 2441 510 2478; x_wconf 92' lang='lat' dir='ltr'>nos</span> <span class='ocrx_word' id='word_1_254' title='bbox 551 2427 819 2478; x_wconf 90' lang='lat' dir='ltr'>alienatos</span> <span class='ocrx_word' id='word_1_255' title='bbox 860 2440 983 2476; x_wconf 91' lang='lat' dir='ltr'>esse</span> <span class='ocrx_word' id='word_1_256' title='bbox 1024 2440 1189 2489; x_wconf 91' lang='lat' dir='ltr'>quam</span> <span class='ocrx_word' id='word_1_257' title='bbox 1227 2440 1261 2475; x_wconf 94' lang='lat' dir='ltr'>a</span> <span class='ocrx_word' id='word_1_258' title='bbox 1297 2427 1486 2476; x_wconf 88' lang='lat' dir='ltr'>ceteris</span> <span class='ocrx_word' id='word_1_259' title='bbox 1526 2426 1703 2485; x_wconf 85' lang='lat' dir='ltr'>rebuS,</span> <span class='ocrx_word' id='word_1_260' title='bbox 1744 2433 1958 2488; x_wconf 69' lang='lat' dir='ltr'>quaeso</span> 
     </span>
     <span class='ocr_line' id='line_1_34' title="bbox 191 2499 1887 2559; baseline -0.001 -9"><span class='ocrx_word' id='word_1_261' title='bbox 191 2502 298 2551; x_wconf 89' lang='lat' dir='ltr'>sint</span> <span class='ocrx_word' id='word_1_262' title='bbox 331 2506 518 2552; x_wconf 93' lang='lat' dir='ltr'>contra</span> <span class='ocrx_word' id='word_1_263' title='bbox 550 2505 815 2559; x_wconf 89' lang='lat' dir='ltr'>naturam,</span> <span class='ocrx_word' id='word_1_264' title='bbox 857 2500 1193 2551; x_wconf 90' lang='lat' dir='ltr'>arbitrantur.</span> <span class='ocrx_word' id='word_1_265' title='bbox 1257 2501 1365 2550; x_wconf 92' lang='lat' dir='ltr'>iam</span> <span class='ocrx_word' id='word_1_266' title='bbox 1405 2500 1791 2558; x_wconf 89' lang='lat' dir='ltr'>membrorum,</span> <span class='ocrx_word' id='word_1_267' title='bbox 1831 2499 1887 2549; x_wconf 93' lang='lat' dir='ltr'>id</span> 
     </span>
     <span class='ocr_line' id='line_1_35' title="bbox 191 2573 1884 2638; baseline -0.002 -13"><span class='ocrx_word' id='word_1_268' title='bbox 191 2580 272 2626; x_wconf 94' lang='lat' dir='ltr'>est</span> <span class='ocrx_word' id='word_1_269' title='bbox 305 2576 536 2638; x_wconf 90' lang='lat' dir='ltr'>partium</span> <span class='ocrx_word' id='word_1_270' title='bbox 565 2576 822 2637; x_wconf 89' lang='lat' dir='ltr'>corporis,</span> <span class='ocrx_word' id='word_1_271' title='bbox 855 2573 963 2624; x_wconf 91' lang='lat' dir='ltr'>alia</span> <span class='ocrx_word' id='word_1_272' title='bbox 985 2574 1239 2624; x_wconf 91' lang='lat' dir='ltr'>videntur</span> <span class='ocrx_word' id='word_1_273' title='bbox 1265 2579 1482 2636; x_wconf 92' lang='lat' dir='ltr'>propter</span> <span class='ocrx_word' id='word_1_274' title='bbox 1508 2588 1696 2625; x_wconf 92' lang='lat' dir='ltr'>eorum</span> <span class='ocrx_word' id='word_1_275' title='bbox 1724 2587 1884 2624; x_wconf 92' lang='lat' dir='ltr'>usum</span> 
     </span>
     <span class='ocr_line' id='line_1_36' title="bbox 191 2648 1886 2710; baseline -0.001 -12"><span class='ocrx_word' id='word_1_276' title='bbox 191 2663 224 2698; x_wconf 91' lang='lat' dir='ltr'>a</span> <span class='ocrx_word' id='word_1_277' title='bbox 255 2654 448 2699; x_wconf 92' lang='lat' dir='ltr'>natura</span> <span class='ocrx_word' id='word_1_278' title='bbox 493 2663 614 2700; x_wconf 91' lang='lat' dir='ltr'>esse</span> <span class='ocrx_word' id='word_1_279' title='bbox 656 2649 874 2706; x_wconf 91' lang='lat' dir='ltr'>donata,</span> <span class='ocrx_word' id='word_1_280' title='bbox 915 2653 974 2697; x_wconf 93' lang='lat' dir='ltr'>ut</span> <span class='ocrx_word' id='word_1_281' title='bbox 1013 2662 1225 2706; x_wconf 92' lang='lat' dir='ltr'>manus,</span> <span class='ocrx_word' id='word_1_282' title='bbox 1266 2662 1432 2706; x_wconf 90' lang='lat' dir='ltr'>crura,</span> <span class='ocrx_word' id='word_1_283' title='bbox 1473 2648 1659 2710; x_wconf 91' lang='lat' dir='ltr'>pedes,</span> <span class='ocrx_word' id='word_1_284' title='bbox 1702 2653 1761 2697; x_wconf 92' lang='lat' dir='ltr'>ut</span> <span class='ocrx_word' id='word_1_285' title='bbox 1806 2660 1886 2705; x_wconf 91' lang='lat' dir='ltr'>ea,</span> 
     </span>
    </p>
   </div>
   <div class='ocr_carea' id='block_1_8' title="bbox 190 2776 1888 3007">
    <p class='ocr_par' dir='ltr' id='par_1_8' title="bbox 190 2776 1888 3007">
     <span class='ocr_line' id='line_1_37' title="bbox 268 2776 1888 2832; baseline -0.001 -12"><span class='ocrx_word' id='word_1_286' title='bbox 268 2781 287 2820; x_wconf 91' lang='lat'><strong>1</strong></span> <span class='ocrx_word' id='word_1_287' title='bbox 317 2782 409 2821; x_wconf 86' lang='lat' dir='ltr'>sint</span> <span class='ocrx_word' id='word_1_288' title='bbox 431 2780 700 2822; x_wconf 80' lang='lat' dir='ltr'>Iw.Mae.ll</span> <span class='ocrx_word' id='word_1_289' title='bbox 718 2793 766 2832; x_wconf 87' lang='grc' dir='ltr'>ρ.</span> <span class='ocrx_word' id='word_1_290' title='bbox 783 2785 860 2829; x_wconf 86' lang='grc'><strong><em>19,·</em></strong></span> <span class='ocrx_word' id='word_1_291' title='bbox 890 2783 996 2820; x_wconf 87' lang='lat' dir='ltr'>sunt</span> <span class='ocrx_word' id='word_1_292' title='bbox 1072 2779 1100 2820; x_wconf 88' lang='grc'><strong>9</strong></span> <span class='ocrx_word' id='word_1_293' title='bbox 1126 2782 1214 2821; x_wconf 84' lang='lat' dir='ltr'>del.</span> <span class='ocrx_word' id='word_1_294' title='bbox 1236 2779 1323 2821; x_wconf 85' lang='lat' dir='ltr'>Urs</span> <span class='ocrx_word' id='word_1_295' title='bbox 1418 2779 1472 2819; x_wconf 86' lang='lat'>15</span> <span class='ocrx_word' id='word_1_296' title='bbox 1496 2776 1689 2828; x_wconf 85' lang='lat' dir='ltr'>adscita]</span> <span class='ocrx_word' id='word_1_297' title='bbox 1714 2781 1888 2819; x_wconf 79' lang='lat' dir='ltr'>asserta</span> 
     </span>
     <span class='ocr_line' id='line_1_38' title="bbox 190 2837 1884 2890; baseline -0.001 -11"><span class='ocrx_word' id='word_1_298' title='bbox 190 2839 272 2880; x_wconf 88' lang='lat' dir='ltr'>BE</span> <span class='ocrx_word' id='word_1_299' title='bbox 397 2839 451 2880; x_wconf 89' lang='lat'>18</span> <span class='ocrx_word' id='word_1_300' title='bbox 484 2851 600 2890; x_wconf 85' lang='lat' dir='ltr'>quas</span> <span class='ocrx_word' id='word_1_301' title='bbox 631 2841 705 2881; x_wconf 89' lang='lat' dir='ltr'>vel</span> <span class='ocrx_word' id='word_1_302' title='bbox 737 2839 1180 2889; x_wconf 89' lang='lat' dir='ltr'>comprehensiones</span> <span class='ocrx_word' id='word_1_303' title='bbox 1211 2840 1285 2879; x_wconf 90' lang='lat' dir='ltr'>vel</span> <span class='ocrx_word' id='word_1_304' title='bbox 1319 2839 1642 2888; x_wconf 87' lang='lat' dir='ltr'>perceptiones</span> <span class='ocrx_word' id='word_1_305' title='bbox 1672 2837 1755 2878; x_wconf 89' lang='lat' dir='ltr'>BE</span> <span class='ocrx_word' id='word_1_306' title='bbox 1794 2848 1884 2878; x_wconf 88' lang='lat' dir='ltr'>om.</span> 
     </span>
     <span class='ocr_line' id='line_1_39' title="bbox 190 2893 1886 2946; baseline -0.001 -8"><span class='ocrx_word' id='word_1_307' title='bbox 190 2898 380 2939; x_wconf 83' lang='lat' dir='ltr'>ARNV</span> <span class='ocrx_word' id='word_1_308' title='bbox 456 2899 512 2940; x_wconf 85' lang='lat'>23</span> <span class='ocrx_word' id='word_1_309' title='bbox 537 2900 584 2939; x_wconf 90' lang='lat' dir='ltr'>in</span> <span class='ocrx_word' id='word_1_310' title='bbox 600 2899 643 2940; x_wconf 89' lang='lat' dir='ltr'>V</span> <span class='ocrx_word' id='word_1_311' title='bbox 666 2911 755 2940; x_wconf 86' lang='lat' dir='ltr'>om.</span> <span class='ocrx_word' id='word_1_312' title='bbox 775 2900 874 2940; x_wconf 85' lang='lat' dir='ltr'>rell.</span> <span class='ocrx_word' id='word_1_313' title='bbox 952 2897 1010 2938; x_wconf 89' lang='grc'>26</span> <span class='ocrx_word' id='word_1_314' title='bbox 1034 2908 1136 2938; x_wconf 90' lang='lat' dir='ltr'>cum</span> <span class='ocrx_word' id='word_1_315' title='bbox 1155 2897 1289 2939; x_wconf 86' lang='lat' dir='ltr'>ABE</span> <span class='ocrx_word' id='word_1_316' title='bbox 1313 2902 1407 2938; x_wconf 89' lang='lat' dir='ltr'>tum</span> <span class='ocrx_word' id='word_1_317' title='bbox 1428 2897 1469 2937; x_wconf 91' lang='lat' dir='ltr'>N</span> <span class='ocrx_word' id='word_1_318' title='bbox 1495 2893 1531 2946; x_wconf 87' lang='lat' dir='ltr'>(t</span> <span class='ocrx_word' id='word_1_319' title='bbox 1554 2908 1673 2939; x_wconf 84' lang='lat' dir='ltr'>corr.</span> <span class='ocrx_word' id='word_1_320' title='bbox 1699 2899 1754 2938; x_wconf 79' lang='lat' dir='ltr'>ut</span> <span class='ocrx_word' id='word_1_321' title='bbox 1777 2897 1886 2945; x_wconf 73' lang='lat' dir='ltr'>vid„</span> 
     </span>
     <span class='ocr_line' id='line_1_40' title="bbox 190 2953 1886 3007; baseline -0.001 -9"><span class='ocrx_word' id='word_1_322' title='bbox 190 2969 246 2998; x_wconf 84' lang='lat' dir='ltr'>ex</span> <span class='ocrx_word' id='word_1_323' title='bbox 269 2955 328 3007; x_wconf 92' lang='lat' dir='ltr'>c),</span> <span class='ocrx_word' id='word_1_324' title='bbox 360 2957 447 2998; x_wconf 87' lang='lat' dir='ltr'>RV</span> <span class='ocrx_word' id='word_1_325' title='bbox 539 2958 595 2998; x_wconf 87' lang='lat'>27</span> <span class='ocrx_word' id='word_1_326' title='bbox 621 2959 676 2998; x_wconf 87' lang='lat' dir='ltr'>iis</span> <span class='ocrx_word' id='word_1_327' title='bbox 700 2958 824 2999; x_wconf 83' lang='lat' dir='ltr'>Mdv.</span> <span class='ocrx_word' id='word_1_328' title='bbox 857 2957 929 2997; x_wconf 86' lang='lat' dir='ltr'>his</span> <span class='ocrx_word' id='word_1_329' title='bbox 1021 2957 1073 2998; x_wconf 84' lang='lat'>31</span> <span class='ocrx_word' id='word_1_330' title='bbox 1102 2962 1209 2997; x_wconf 85' lang='lat' dir='ltr'>sunt</span> <span class='ocrx_word' id='word_1_331' title='bbox 1232 2958 1270 2999; x_wconf 79' lang='lat' dir='ltr'>R</span> <span class='ocrx_word' id='word_1_332' title='bbox 1361 2957 1417 2998; x_wconf 87' lang='grc'>33</span> <span class='ocrx_word' id='word_1_333' title='bbox 1450 2959 1498 2996; x_wconf 88' lang='lat' dir='ltr'>ut</span> <span class='ocrx_word' id='word_1_334' title='bbox 1531 2953 1603 3005; x_wconf 86' lang='lat' dir='ltr'>ea]</span> <span class='ocrx_word' id='word_1_335' title='bbox 1638 2960 1683 2997; x_wconf 89' lang='lat' dir='ltr'>et</span> <span class='ocrx_word' id='word_1_336' title='bbox 1714 2967 1772 2998; x_wconf 89' lang='lat' dir='ltr'>ea</span> <span class='ocrx_word' id='word_1_337' title='bbox 1802 2955 1886 2996; x_wconf 88' lang='lat' dir='ltr'>BE</span> 
     </span>
    </p>
   </div>
  </div>
 </body>
</html>
