2046 3138
64 187 92 238 ἕ
119 187 294 230 41-45
398 211 401 214 v
574 182 659 228 DE
693 181 946 228 FINIBUS
980 180 1129 228 BON.
1164 181 1241 227 ET
1275 179 1426 227 MAL.
1750 187 1853 237 139

156 322 382 386 aliquid,
426 321 817 384 quodcumque
860 322 914 371 in
963 326 1202 372 mentem
1246 319 1527 377 incideret,
1572 324 1626 370 et
1679 317 1854 381 quod-

157 410 391 459 cumque
444 402 728 459 tamquam
783 400 1106 447 occurreret.
1168 395 1214 445 is
1267 394 1374 447 hoc
1429 393 1624 444 melior
1688 406 1852 455 quam

158 470 382 536 Pyrrh0,
416 470 566 533 quod
600 470 829 534 aliquod
867 484 1044 534 genus
1077 469 1378 532 appetendi
1416 468 1584 526 dedit,
1617 467 1856 518 deterior

157 559 320 608 quam
364 546 543 604 ceteri,
601 544 751 608 quod
814 545 1033 607 penitus
1074 558 1106 594 a
1150 549 1348 594 natura
1387 543 1627 594 recessit.
1684 541 1852 593 Stoici

112 625 358 677 5autem,
400 619 550 683 quod
593 619 764 670 finem
812 620 1085 670 bonorum
1127 619 1182 668 in
1227 631 1339 668 una
1377 619 1580 669 virtute
1627 622 1854 680 ponunt,

158 694 366 746 similes
410 700 538 746 sunt
579 694 826 751 illorum;
876 693 1026 756 quod
1069 698 1254 744 autern
1303 693 1634 755 principium
1676 690 1854 741 officii

155 774 442 832 quaerunt,
484 768 683 819 melius
726 782 891 831 quam
935 768 1170 832 Pyrrho;
1213 767 1363 830 quod
1403 780 1469 818 ea
1508 780 1620 816 non
1666 779 1854 816 occur-

159 845 334 894 rentia
381 843 619 907 fingunt,
668 844 896 894 vincunt
948 842 1290 899 Aristonem;
1340 841 1489 905 quod
1542 846 1728 891 autem
1775 854 1856 897 ea,

159 933 301 982 quae
335 918 404 969 ad
443 923 699 969 naturam
740 917 1162 969 accommodata
1196 922 1250 968 et
1288 930 1386 979 per
1420 929 1479 966 se
1518 915 1858 966 assumenda

95 1011 137 1046 10
158 1007 281 1044 esse
326 993 531 1051 dicunt,
575 1006 687 1043 non
733 992 1047 1055 adiungunt
1091 991 1163 1041 ad
1206 990 1379 1042 finem
1422 990 1714 1048 bonorum,
1763 989 1857 1040 de-

160 1067 660 1119 sciscuntanatura
691 1072 745 1118 et
776 1066 1020 1129 quodam
1051 1066 1223 1116 modo
1256 1070 1383 1116 sunt
1412 1079 1524 1116 non
1557 1063 1857 1115 dissimiles

156 1142 452 1193 ¹Aristonis.
507 1141 599 1192 ille
629 1142 775 1192 enim
808 1141 1152 1192 occurrentia
1181 1141 1368 1191 nescio
1400 1153 1542 1203 quae
1573 1139 1858 1190 commini-

160 1217 438 1274 scebatur;
472 1217 527 1266 hi
559 1221 746 1267 autem
780 1220 996 1279 ponunt
1027 1215 1106 1265 illi
1139 1214 1363 1278 quidem
1397 1215 1576 1278 prima
1611 1219 1857 1271 naturae,

163 1291 260 1343 sed
288 1305 353 1343 ea
381 1292 681 1355 seiungunt
705 1305 739 1341 a
763 1290 973 1342 finibus
1004 1295 1058 1341 et
1083 1304 1116 1340 a
1147 1304 1364 1340 summa
1388 1289 1688 1346 bonorum;
1720 1302 1862 1352 quae

95 1385 138 1420 15
162 1380 285 1417 cum
315 1371 681 1429 praeponunt,
710 1371 770 1416 ut
805 1366 876 1416 sit
902 1365 1090 1427 aliqua
1122 1378 1302 1415 rerum
1333 1363 1573 1422 selectio,
1606 1369 1860 1414 naturam

162 1441 422 1492 videntur
464 1441 645 1503 sequi;
688 1454 811 1491 cum
860 1445 1045 1490 autern
1087 1444 1295 1503 negant
1339 1452 1406 1489 ea
1446 1439 1741 1501 quicquam
1789 1437 1860 1488 ad

163 1515 382 1566 beatam
413 1515 586 1566 vitam
619 1515 906 1578 pertinere,
945 1526 1135 1565 rursus
1166 1519 1421 1564 naturam
1458 1513 1790 1576 relinquunt.

233 1590 415 1653 Atque
447 1589 631 1640 adhuc
661 1603 728 1640 ea
766 1589 894 1647 dixi,
928 1603 1097 1639 causa
1132 1602 1227 1639 cur
1256 1588 1466 1639 Zenoni
1502 1601 1614 1639 non
1646 1587 1860 1645 fuisset,

163 1679 326 1728 quam
385 1665 456 1715 ob
512 1678 626 1715 rem
666 1678 700 1714 a
740 1664 1089 1726 superiorum
1151 1663 1480 1714 auctoritate
1536 1661 1860 1713 discederet.

94 1758 140 1793 20
164 1753 310 1790 nunc
340 1739 554 1802 reliqua
585 1738 893 1796 videamus,
931 1738 1037 1788 nisi
1070 1742 1167 1789 aut
1201 1737 1274 1787 ad
1306 1737 1456 1796 haec,
1495 1736 1647 1795 Cato,
1681 1736 1862 1788 dicere

164 1813 372 1877 aliquid
407 1814 493 1864 vis
527 1819 622 1864 aut
659 1827 763 1864 nos
795 1813 904 1863 iam
942 1812 1224 1876 longiores
1257 1826 1466 1862 sumuS.

236 1888 506 1939 Neutrum
536 1901 686 1946 ver0,
716 1888 894 1951 inquit
929 1886 1036 1937 ille.
1075 1900 1205 1937 nam
1238 1892 1293 1938 et
1321 1901 1354 1936 a
1387 1892 1441 1938 te
1471 1886 1664 1949 perfici
1697 1887 1861 1938 istam

164 1963 599 2026 disputationem
635 1961 782 2020 v010,
818 1975 920 2012 nec
958 1967 1054 2012 tua
1088 1961 1222 2011 mihi
1261 1962 1440 2012 oratio
1471 1961 1645 2024 ⁴longa
1683 1960 1860 2012 videri

166 2044 365 2102 potest.

97 2132 142 2167 25
239 2113 477 2176 Optime,
512 2113 753 2175 inquam.
802 2111 934 2174 quid
975 2112 1121 2162 enirn
1155 2111 1289 2161 mihi
1329 2116 1513 2174 potest
1545 2125 1669 2162 esse
1708 2116 1866 2174 opta-

166 2188 276 2239 tius
310 2202 476 2250 quarn
511 2201 635 2238 cum
674 2186 898 2244 Catone,
932 2186 1180 2237 omnium
1216 2186 1483 2237 virtutum
1517 2190 1756 2244 auctore,
1796 2186 1865 2237 de

166 2262 465 2314 virtutibus
502 2261 828 2324 disputare?
877 2260 975 2312 sed
1018 2260 1257 2323 primum
1295 2259 1433 2310 illud
1472 2259 1617 2319 vide,
1653 2261 1867 2324 gravis-

168 2338 361 2388 simam
394 2336 545 2387 illam
573 2341 821 2387 vestram·
853 2335 1197 2393 sententiam,
1227 2348 1368 2398 quae
1400 2334 1671 2385 familiam
1701 2335 1866 2395 ducit,

167 2412 461 2463 honestum
497 2410 647 2474 quod
685 2411 769 2469 sit,
809 2409 865 2460 id
900 2423 1023 2461 esse
1060 2409 1268 2460 bonum
1304 2409 1485 2460 solum
1523 2409 1865 2473 honesteque

97 2487 355 2540 sovivere
400 2486 675 2537 bonorum
724 2484 910 2543 finem,
965 2498 1313 2535 communem
1361 2484 1483 2535 fore
1531 2484 1694 2535 vobis
1742 2499 1865 2536 curn

241 2676 260 2717 1
298 2677 625 2726 quodcumque
659 2670 790 2724 (ante
823 2671 889 2725 in)
922 2674 963 2714 N
1005 2674 1131 2724 quod
1167 2674 1335 2723 cuique
1372 2673 1513 2715 BEV
1552 2674 1720 2723 cuique
1753 2673 1791 2714 R

163 2737 190 2777 4
222 2748 251 2776 a
277 2729 342 2776 Ν2
368 2733 438 2786 (ἱη
472 2747 566 2776 ras.
602 2736 649 2775 z'n
681 2735 777 2786 fine
810 2730 1006 2784 versas),
1039 2745 1128 2775 om.
1148 2732 1328 2775 BERV
1426 2735 1586 2773 natura
1618 2730 1687 2782 (ἰη
1714 2745 1864 2785 mary.

164 2798 229 2838 ad
261 2797 447 2846 initium
481 2806 643 2836 versus
675 2791 808 2844 add.)
841 2787 906 2834 Ν2
1020 2792 1050 2833 9
1084 2805 1175 2843 que
1208 2789 1260 2844 (ἃ
1291 2790 1350 2844 Β)
1383 2796 1428 2835 et
1461 2793 1520 2833 ad
1551 2792 1634 2832 BE
1752 2792 1806 2833 14
1839 2804 1866 2833 a

165 2852 302 2907 (post
326 2853 390 2906 et)
416 2854 602 2896 om.BE
682 2854 736 2894 15
763 2856 1055 2904 praeponunt
1071 2849 1199 2904 A.(?)
1213 2854 1340 2895 Man.
1367 2855 1633 2903 proponunt
1709 2851 1763 2892 18
1789 2863 1867 2893 cur

165 2909 229 2956 N²
268 2917 316 2956 ἰη
360 2927 470 2965 ras„
515 2925 617 2955 cum
662 2913 856 2955 BERV.
920 2914 1056 2955 Recte
1090 2915 1283 2964 interpr.
1327 2913 1374 2955 C.
1392 2913 1439 2954 F.
1464 2912 1525 2954 W.
1542 2913 1686 2954 Μιιε..·
1733 2912 1866 2959 Quae

169 2975 321 3016 adhuc
346 2975 454 3022 dixi,
487 2986 544 3016 ea
569 2976 711 3021 erant,
743 2984 802 3015 ex
827 2974 995 3024 quibus
1021 2976 1275 3023 appareret,
1309 2984 1388 3015 cur
1419 2983 1560 3014 causa
1585 2983 1680 3014 non
1705 2972 1868 3014 fuisset

242 3033 300 3075 29
331 3035 505 3077 bonum
537 3034 699 3075 solum,
723 3032 953 3075 BERNV

1892 1598 1949 1639 44

1898 2273 1953 2314 45
