2046 3138
119 635 175 677 23

217 121 321 177 130
440 164 442 167 ,
635 114 722 162 DE
754 113 1006 162 FINIBUS
1040 112 1189 162 BON.
1220 113 1299 161 ET
1332 112 1484 162 MAL.
1613 117 1781 162 Lib.1V
1797 119 1988 162 c.9—11

211 264 297 309 tus
329 260 384 308 in
419 258 530 308 ullo
564 259 668 308 nisi
708 259 763 307 in
796 258 1044 319 sapiente
1077 270 1180 306 nec
1219 256 1446 307 felicitas
1478 270 1607 307 vere
1641 257 1746 306 dici
1787 262 1904 319 pot-

211 335 329 384 est?
391 345 534 395 quae
580 337 660 382 est
702 333 862 395 igitur
893 332 996 381 ista
1029 331 1395 394 philosophia,
1437 345 1580 393 quae
1625 333 1903 382 communi

211 422 361 458 more
394 408 448 456 in
482 406 597 457 foro
631 406 884 469 loquitur,
917 407 972 455 in
1006 405 1203 455 libellis
1229 407 1369 457 suo?
1425 407 1739 467 praesertim
1765 419 1904 464 cum,

211 482 360 544 quod
386 481 460 531 illi
487 483 599 531 suis
623 481 804 531 verbis
838 480 1160 543 significent,
1194 481 1248 530 in
1274 494 1341 531 eo
1368 480 1500 529 nihil
1527 485 1772 539 novetur,
1808 476 1902 540 [de

209 558 342 618 ipsis
389 556 551 606 rebus
598 554 732 605 nihil
777 549 1033 617 mutetur]
1082 554 1311 605 eaedem
1360 569 1443 605 res
1488 559 1746 604 maneant
1793 554 1901 606 alio
1949 566 1972 600 5

209 631 392 681 modo.
457 630 588 693 quid
623 631 769 680 enim
802 631 1036 688 interest,
1079 629 1312 688 divitiaS,
1354 643 1504 691 opeS,
1544 629 1903 680 valitudinem

209 706 357 756 bona
405 705 554 754 dicas
604 718 746 754 anne
788 705 1114 766 praeposita,
1163 718 1286 753 cum
1327 703 1432 762 ille,
1480 705 1718 766 qui-ista
1757 704 1905 754 bona

209 780 350 838 dicit,
392 779 563 829 nihilo
607 778 730 841 plus
770 779 835 828 iis
876 778 1074 828 tribuat
1117 792 1282 840 quam
1325 783 1397 837 tu,
1442 779 1534 840 qui
1576 778 1771 828 eadem
1813 778 1906 828 illa

209 855 521 916 praeposita
553 855 845 904 nominas?
907 854 1092 915 itaque
1127 853 1296 903 homo
1330 854 1385 902 in
1419 854 1604 915 primis
1630 854 1903 915 ingenuus

208 933 261 979 et
300 929 495 991 graviS,
537 928 736 991 dignus
777 927 869 977 illa
909 926 1269 978 familiaritate
1311 926 1583 989 Scipionis
1628 932 1680 977 et
1722 927 1903 985 Laelii,
1930 937 1973 971 ιο

207 1003 514 1061 PanaetiuS,
555 1016 680 1052 cum
721 1001 791 1051 ad
826 999 889 1056 Q.
924 1001 1271 1052 Tuberonem
1316 1002 1385 1051 de
1419 1001 1608 1052 dolore
1642 1001 1901 1063 patiendo

207 1078 475 1136 scriberet,
517 1077 666 1139 quod
712 1090 834 1126 esse
868 1081 1032 1138 caput
1065 1075 1316 1135 debebat,
1358 1077 1402 1126 si
1444 1076 1658 1138 probari
1701 1081 1902 1138 posset,

206 1166 480 1215 nusquam
521 1152 718 1213 posuit,
759 1165 871 1201 non
914 1164 1036 1201 esse
1078 1151 1283 1201 malum
1326 1150 1588 1209 dolorem,
1631 1150 1728 1200 sed
1770 1150 1901 1213 quid

207 1232 352 1277 esset
378 1231 429 1276 et
455 1225 631 1288 quale,
659 1230 1036 1288 quantumque
1062 1227 1116 1276 in
1152 1240 1219 1276 eo
1253 1227 1458 1275 inesset
1490 1225 1668 1284 alieni,
1702 1225 1902 1275 deinde

206 1315 349 1363 quae
397 1302 531 1351 ratio
581 1304 726 1350 esset
775 1299 1099 1362 perierendi;
1148 1302 1302 1350 cuius
1351 1299 1589 1362 quidem,
1639 1301 1901 1362 quoniam
1929 1311 1971 1344 15

206 1374 422 1426 Stoicus
468 1374 580 1433 fuit,
628 1376 899 1425 sententia
945 1374 1312 1426 condemnata
1356 1374 1487 1423 mihi
1527 1373 1740 1424 videtur
1780 1386 1902 1424 esse

126 1451 443 1535 10inanitas
481 1451 583 1499 ista
614 1449 921 1499 verborum.

121 1557 177 1597 24

115 2269 171 2312 25

285 1523 394 1574 Sed
421 1529 479 1574 ut
505 1525 729 1586 propius
754 1523 825 1572 ad
852 1537 931 1582 ea,
967 1521 1117 1582 Cato,
1151 1524 1427 1582 accedam,
1454 1537 1596 1585 quae
1623 1537 1656 1572 a
1680 1528 1732 1573 te
1758 1522 1902 1572 dicta

210 1604 348 1657 sunt,
390 1600 628 1661 pressius
663 1611 893 1661 agamus
927 1611 1119 1661 eaque,
1160 1612 1303 1661 quae
1337 1597 1505 1648 modo
1540 1598 1735 1656 dixisti,
1777 1611 1900 1647 cum

203 1675 268 1723 iis
302 1673 660 1731 conferamuS,
701 1686 843 1735 quae
884 1674 990 1722 tuis
1031 1678 1326 1735 antepono.
1391 1686 1534 1735 quae
1575 1677 1700 1722 sunt
1741 1673 1970 1735 igiturzo

205 1749 519 1798 communia
563 1747 725 1798 vobis
775 1761 899 1796 cum
947 1748 1199 1809 antiquis,
1248 1749 1313 1797 iis
1358 1748 1435 1797 sic
1479 1752 1695 1797 utamur
1742 1747 1899 1808 quasi

204 1823 503 1879 concessis;
552 1835 695 1884 quae
743 1823 797 1871 in
847 1823 1274 1872 controversiam
1321 1823 1564 1880 veniunt,
1613 1821 1682 1871 de
1726 1821 1806 1879 iis,
1855 1822 1898 1870 si

204 1896 395 1958 placet,
429 1896 775 1946 disseramus,

277 1971 410 2020 Mihi
427 1984 573 2028 vern,
600 1971 788 2032 inquit,
815 1970 994 2032 placet
1012 1971 1100 2033 agi
1128 1970 1380 2020 subtilius
1399 1975 1465 2029 et,
1491 1975 1550 2019 ut
1567 1971 1684 2032 ipse
1703 1969 1897 2027 dixisti,

203 2047 456 2107 pressius.
497 2058 640 2107 quae
659 2046 804 2095 enim
824 2044 1005 2094 adhuc
1023 2044 1304 2107 protulisti,
1323 2044 1609 2107 popularia
1627 2049 1765 2103 sunt,
1792 2057 1896 2107 ego
1922 2055 1967 2090 25

202 2124 385 2170 autem
419 2133 452 2169 a
484 2124 536 2169 te
571 2119 907 2182 elegantiora
939 2119 1208 2170 desidero,

274 2193 324 2244 A
357 2207 517 2244 mene
543 2195 646 2244 tu?
692 2195 932 2256 inquam.
996 2193 1094 2243 sed
1128 2199 1312 2244 tamen
1340 2194 1511 2243 enitar
1543 2198 1610 2251 et,
1644 2194 1689 2243 si
1716 2194 1895 2243 minus

205 2268 376 2318 multa
407 2268 539 2318 mihi
574 2273 868 2327 occurrent,
913 2281 1026 2318 non
1059 2267 1264 2331 fugiam
1299 2269 1403 2318 ista
1435 2267 1735 2330 popularia.
1799 2267 1896 2317 sed

202 2344 434 2404 primum
470 2343 709 2404 positum
753 2343 820 2392 sit
859 2347 1078 2393 nosmet
1116 2344 1268 2405 ipsos
1315 2342 1732 2393 commendatos
1774 2355 1896 2391 esse

199 2417 360 2467 nobis
395 2418 736 2478 primamque
771 2430 836 2466 ex
869 2421 1062 2466 natura
1087 2416 1230 2466 hanc
1255 2416 1458 2467 habere
1484 2417 1894 2478 appetitionem,
1919 2426 1965 2461 30
2042 2428 2046 2430 ·

276 2533 296 2573 1
332 2534 426 2575 ullo
459 2536 568 2576 edit.
599 2535 748 2585 princ.
774 2535 903 2575 Rom.
937 2534 1063 2575 nullo
1172 2535 1219 2574 in
1251 2533 1292 2574 V
1323 2545 1412 2574 om.
1447 2533 1625 2574 BERN
1741 2533 1768 2572 4
1799 2533 1895 2572 suis

198 2586 311 2634 N²v
342 2595 413 2634 sui
534 2593 799 2644 significant
825 2592 873 2635 C.
891 2593 936 2635 L.
954 2593 1136 2644 Kayser
1166 2594 1215 2633 in
1245 2593 1347 2634 Βαί.
1373 2594 1443 2634 ed.
1470 2594 1580 2633 min.
1702 2594 1895 2632 novetur

197 2653 247 2694 P.
264 2653 417 2694 Faber
448 2657 655 2695 movetur
760 2653 849 2693 del.
873 2653 924 2694 P.
940 2653 1067 2693 Man.
1175 2652 1201 2693 5
1235 2653 1398 2693 eedem
1422 2652 1464 2693 V
1496 2652 1630 2692 adem
1657 2651 1694 2691 B
1727 2650 1891 2691 eadem

197 2711 327 2753 ERN
455 2713 479 2752 7
513 2714 638 2754 bona
670 2708 809 2761 (ante-
834 2709 980 2762 dicas)
1013 2711 1105 2752 NV
1136 2711 1306 2752 bonam
1433 2711 1486 2751 14
1519 2712 1694 2751 inesset
1725 2708 1813 2750 RV
1845 2710 1891 2748 in

197 2774 320 2812 esset
343 2772 384 2812 N
417 2775 540 2813 esset
567 2771 649 2811 BE
761 2771 813 2811 17
846 2772 1044 2811 inanitas
1069 2770 1202 2812 BEV
1234 2771 1480 2811 inmanitas
1505 2770 1592 2811 RN
1702 2768 1755 2808 18
1788 2779 1815 2808 a
1847 2771 1891 2808 te

197 2832 310 2871 dett.
344 2835 481 2872 antea
511 2831 594 2871 BE
627 2834 672 2870 at
703 2842 760 2872 ea
790 2830 829 2871 R
860 2831 920 2871 ad
951 2841 1008 2872 ea
1039 2831 1080 2871 N
1112 2829 1261 2872 om.V
1380 2829 1438 2870 26
1471 2841 1498 2869 a
1530 2832 1574 2869 te
1606 2827 1891 2878 elegantiora

196 2889 286 2930 NV
318 2891 601 2940 elegantiora
633 2901 659 2930 a
691 2893 737 2931 te
760 2890 798 2931 R
830 2890 1125 2940 eleganciora
1146 2886 1255 2940 (om.
1282 2900 1309 2930 a
1334 2886 1398 2939 te)
1424 2887 1507 2928 BE
1597 2886 1655 2927 29
1689 2887 1888 2936 positum

195 2950 253 2990 sit
287 2951 478 2998 primum
513 2949 595 2989 BE
