2002 3068
54 50 82 102 ξ
110 50 284 92 30-34
566 43 654 91 DE
684 43 939 90 FINIBUS
973 42 1126 91 BON.
1159 44 1238 90 ET
1271 42 1422 90 MAL.
1774 52 1838 102 15

144 188 385 251 corporis
419 187 646 250 suscipit
671 186 1019 246 laboriosam,
1053 187 1156 236 nisi
1190 191 1248 237 ut
1273 185 1480 249 aliquid
1508 199 1573 236 ex
1600 199 1667 236 ea
1692 200 1838 237 com-

142 263 294 314 modi
329 263 730 325 consequatur?
778 262 901 324 quis
934 266 1118 312 autern
1143 261 1232 311 vel
1260 275 1386 312 eum
1412 262 1526 311 iure
1551 261 1838 324 reprehen-

143 337 292 397 derit,
320 338 413 401 qui
431 338 485 386 in
505 350 571 387 ea
587 336 872 399 voluptate
889 335 1020 386 velit
1038 350 1176 395 esse,
1201 350 1367 399 quarn
1397 335 1531 385 nihil
1549 335 1837 387 molestiae

143 417 522 476 consequatur,
562 411 651 462 vel
692 411 860 470 illum,
900 412 993 474 qui
1035 410 1283 462 dolorem
1324 424 1450 461 eum
1491 410 1676 474 fugiat,
1725 426 1837 474 quo

95 499 118 533 5
141 487 398 550 voluptas
431 486 582 537 nulla
615 487 886 549 pariatur?
940 485 1012 536 At
1043 500 1174 536 vero
1209 499 1306 536 eos
1341 490 1393 536 et
1426 499 1752 536 accusamus
1786 491 1838 536 et

142 563 284 613 iusto
321 562 451 613 odio
479 561 834 625 dignissimos
860 560 1126 619 ducimuS,
1161 562 1253 623 qui
1279 560 1557 611 blanditiis
1585 574 1838 623 praesen-

140 638 274 687 tium
307 636 654 699 voluptatum
688 635 910 686 deleniti
944 640 1109 698 atque
1151 636 1400 698 corrupti,
1442 649 1583 698 quos
1617 635 1837 687 dolores

141 717 194 762 et
233 726 371 775 quas
411 710 693 762 molestias
734 711 1009 773 excepturi
1049 711 1170 770 sint,
1216 711 1497 761 obcaecati
1540 710 1836 773 cupiditate

139 800 251 837 non
286 786 591 849 provident,
632 785 906 848 similique
939 790 1066 836 sunt
1098 786 1152 835 in
1187 785 1362 848 culpa,
1404 785 1497 848 qui
1531 785 1714 836 officia
1745 785 1838 836 de-

73 873 115 908 10
139 867 324 912 serunt
355 861 585 912 mollitia
617 861 800 920 animi,
834 860 888 910 id
923 865 1004 910 est
1036 860 1285 911 laborum
1321 865 1373 910 et
1405 859 1658 911 dolorum
1692 860 1836 924 fuga.

139 941 191 986 et
224 936 416 986 harum
450 935 674 999 quidem
708 949 883 986 rerum
917 934 1088 985 facilis
1123 940 1203 986 est
1245 940 1297 986 et
1330 934 1587 998 expedita
1619 934 1837 986 distinc-

138 1012 229 1062 tio,
285 1025 415 1061 narn
449 1011 619 1061 libero
646 1015 908 1073 ternpore,
943 1024 1066 1060 cum
1094 1010 1275 1061 soluta
1298 1010 1461 1061 nobis
1487 1015 1570 1061 est
1595 1010 1834 1074 eligendi

139 1087 307 1148 optio,
342 1099 578 1149 cumque
603 1085 738 1135 nihil
764 1085 1007 1148 impedit,
1041 1099 1152 1148 quo
1178 1086 1360 1135 minus
1386 1084 1456 1145 id,
1490 1085 1641 1148 quod
1667 1086 1837 1135 maxi-

137 1175 226 1211 me
245 1161 472 1223 placeat,
498 1160 675 1211 facere
698 1161 989 1223 possimus,
1017 1161 1197 1210 omnis
1214 1159 1473 1222 voluptas
1499 1160 1836 1210 assumenda

18 1279 20 1282 ,
71 1247 113 1282 15
138 1241 233 1295 est,
275 1237 454 1286 omnis
496 1235 653 1286 dolor
692 1234 1055 1298 repellendus,
1122 1234 1461 1297 temporibus
1501 1240 1686 1286 autem
1720 1236 1836 1298 qui-

135 1310 370 1361 busdam
405 1315 458 1361 et
489 1315 584 1361 aut
617 1310 812 1361 officiis
846 1309 1044 1361 debitis
1079 1315 1173 1360 aut
1204 1324 1382 1360 rerum
1414 1310 1835 1361 necessitatibus

136 1399 305 1448 saepe
332 1386 563 1445 eveniet,
596 1390 655 1436 ut
681 1389 734 1435 et
757 1384 1071 1447 voluptates
1105 1384 1482 1448 repudiandae
1509 1386 1616 1436 sint
1642 1390 1694 1436 et
1719 1399 1835 1436 mo-

136 1459 327 1511 lestiae
359 1474 472 1511 non
505 1459 859 1511 recusandae.
915 1461 1101 1523 itaque
1135 1474 1322 1510 earum
1355 1474 1531 1510 rerum
1566 1460 1654 1510 hic
1686 1466 1835 1511 tene-

134 1540 216 1585 tur
249 1550 282 1585 a
314 1536 564 1598 sapiente
597 1534 858 1594 delectuS,
898 1540 957 1585 ut
996 1539 1090 1585 aut
1129 1534 1417 1586 reiciendis
1457 1535 1834 1598 voluptatibus

64 1621 109 1656 20
133 1610 369 1661 maiores
402 1610 538 1660 alias
569 1614 936 1673 consequatur
961 1614 1056 1660 aut
1081 1610 1415 1672 perferendis
1441 1610 1724 1662 doloribus
1749 1625 1832 1661 as-

133 1685 371 1747 periores
403 1684 643 1748 repellat.

207 1758 363 1810 Hanc
396 1773 502 1823 ego
537 1774 660 1810 cum
696 1765 915 1810 teneam
950 1760 1294 1820 sententiam,
1334 1760 1466 1823 quid
1503 1766 1584 1812 est
1617 1775 1709 1811 cur
1740 1775 1831 1811 ve-

134 1848 263 1894 rear,
305 1849 375 1885 ne
417 1834 486 1884 ad
521 1848 643 1885 earn
678 1849 790 1884 non
826 1835 1034 1896 possim
1069 1835 1490 1886 accommodare
1523 1835 1831 1898 Torquatos

131 1911 384 1960 nostros?
426 1923 567 1972 quos
593 1915 650 1960 tu
677 1909 843 1972 paulo
870 1915 997 1960 ante
1023 1924 1147 1960 curn
1173 1911 1509 1971 memoriter,
1524 1916 1639 1961 tum
1666 1912 1829 1961 etiam

62 1995 106 2031 25
132 1998 262 2047 erga
301 1999 404 2035 nos
445 1984 621 2035 amice
662 1990 714 2034 et
747 1984 1006 2035 benivole
1047 1984 1332 2048 collegisti,
1372 1999 1476 2036 nec
1514 2000 1604 2036 me
1645 1991 1829 2036 tamen

131 2058 423 2109 laudandis
457 2059 756 2110 maioribus
790 2060 927 2109 meis
962 2060 1245 2122 corrupisti
1278 2074 1381 2110 nec
1413 2062 1724 2124 segniorem
1758 2061 1828 2111 ad

129 2133 578 2197 respondendum
612 2133 910 2185 reddidisti.
967 2149 1200 2197 quorum
1234 2134 1376 2185 facta
1409 2149 1574 2198 quern
1608 2136 1679 2186 ad
1714 2150 1829 2187 mo-

130 2208 276 2268 dum,
321 2223 547 2272 quaeso,
592 2209 992 2271 interpretaris?
1047 2210 1217 2260 sicine
1262 2223 1359 2261 eos
1405 2224 1598 2261 censes
1638 2216 1732 2262 aut
1774 2212 1828 2260 in

129 2289 395 2334 armatum
430 2284 647 2335 hostem
682 2285 947 2346 impetum
981 2284 1176 2335 fecisse
1210 2290 1303 2336 aut
1338 2286 1393 2335 in
1427 2285 1628 2336 liberos
1662 2292 1829 2349 atque

60 2369 106 2405 3ο
130 2358 183 2407 in
210 2359 538 2422 sanguinem
565 2373 726 2408 suum
752 2363 863 2409 tam
891 2358 1123 2410 crudelis
1148 2358 1332 2419 fuisse,
1357 2360 1492 2410 nihil
1518 2366 1576 2411 ut
1594 2361 1664 2411 de
1690 2361 1828 2412 utili-

129 2433 347 2492 tatibuS,
379 2433 514 2483 nihil
547 2438 607 2483 ut
640 2433 708 2483 de
736 2433 1044 2484 commodis
1069 2435 1182 2484 suis
1211 2436 1548 2498 cogitarent?
1597 2441 1651 2486 at
1677 2436 1731 2486 id
1758 2450 1828 2486 ne

129 2506 274 2558 ferae
316 2508 539 2571 quidem
581 2507 799 2567 faciunt,
847 2514 906 2559 ut
947 2510 1020 2559 ita
1058 2515 1216 2560 ruant
1255 2510 1440 2573 itaque
1489 2511 1718 2570 turbent,
1770 2516 1827 2561 ut

204 2654 224 2696 1
247 2657 454 2706 suscepit
469 2655 599 2698 BER
686 2657 711 2697 7
731 2657 908 2698 deliniti
923 2656 1057 2699 BEV
1140 2657 1167 2699 8
1186 2658 1545 2700 obcecatiAEN
1554 2659 1596 2700 V
1613 2670 1766 2700 occec.

131 2714 184 2757 13
203 2715 386 2765 placeat
402 2717 601 2758 maxime
616 2716 700 2757 BE
787 2717 841 2757 15
859 2718 1152 2767 repellendus
1167 2717 1250 2759 BE
1267 2719 1573 2770 depellendus
1656 2718 1714 2759 20
1731 2730 1826 2760 ma·-

128 2775 236 2816 ioris
260 2770 516 2817 ABERN¹
608 2777 854 2826 asperioris
878 2777 1013 2818 ABE
1041 2779 1351 2828 asperioribus
1374 2778 1413 2820 R
1504 2777 1562 2819 26
1587 2780 1826 2829 corrupisti

128 2836 229 2876 cod.
247 2835 455 2877 LeidenS.
480 2836 740 2886 Madviqii,·
771 2837 1027 2887 corripuisti
1120 2837 1177 2879 28
1216 2839 1390 2879 siccine
1422 2838 1460 2880 R
1473 2831 1590 2880 N²v
1622 2839 1689 2879 sic
1720 2840 1826 2880 cine

127 2888 192 2934 N¹
320 2894 376 2936 29
410 2893 566 2946 atque]
601 2900 678 2936 aut
710 2896 747 2948 R
876 2896 928 2938 31
966 2895 1027 2947 at]
1062 2898 1121 2938 ad
1152 2891 1315 2939 A¹Rv

1871 493 1927 533 33

1866 1768 1921 1809 34
