2002 3068
801 70 1164 118 PRAEFATIO
1787 68 1832 115 V

132 223 195 256 ex
245 211 429 256 eodem
479 207 755 266 exemplari
803 209 954 265 atque
1003 207 1052 252 in
1099 205 1330 252 codicem
1376 204 1659 250 Palatinum
1703 203 1831 257 1525,

129 271 340 316 fortasse
374 269 526 315 etiam
567 268 630 314 ab
672 268 857 313 eodem
903 267 1067 313 scriba
1099 266 1197 312 sint
1228 263 1550 322 transscripti.
1606 263 1726 309 Tres
1759 264 1832 308 ul·

129 330 236 375 timi
270 330 424 375 modo
458 328 567 374 libri
601 327 838 380 Tulliani,
874 327 938 372 de
972 327 1140 379 amic,
1175 327 1239 371 de
1272 337 1400 378 sen„
1434 324 1626 383 parad..
1664 323 1715 368 in
1749 323 1831 368 Er-

130 389 362 447 langensi
410 389 474 434 ab
522 387 620 433 alia
669 399 821 432 manu
870 386 1038 444 scripti
1086 388 1202 431 sunt
1249 388 1401 443 atque
1449 384 1830 442 praecedenteS,

131 461 294 507 eaque
326 448 404 494 bis
437 447 606 505 posuit
638 447 756 492 anni
790 458 1078 499 numerum;
1111 446 1295 503 legitur
1327 444 1462 490 enim
1496 444 1546 489 in
1579 443 1681 489 fine
1721 442 1831 488 libri

131 510 195 554 de
236 521 364 554 sen.:
408 507 565 562 „Finit
597 507 788 552 Tullius
829 507 893 552 de
935 508 1210 552 senectute.
1257 503 1339 550 66⁰
1373 503 1420 563 [i.
1448 516 1489 549 e.
1518 501 1650 560 1466]
1687 501 1737 549 C.
1772 502 1831 548 H.

132 567 179 627 [i.
213 580 255 614 e.
290 567 489 614 Conrad
522 564 805 624 Haunolt],“
849 567 1073 623 itemque
1106 566 1156 610 in
1189 565 1291 610 fine
1324 565 1719 622 paradoxorum:
1767 561 1832 616 „C

129 628 237 673 finit
279 627 322 672 H
356 626 506 673 LXVI
551 625 598 685 [i.
633 639 675 672 e.
711 623 843 684 1466]
885 626 936 671 in
977 626 1061 671 die
1094 625 1306 671 Albini.“
1366 623 1562 675 Quibus
1608 636 1670 669 ex
1715 623 1832 668 sub·

129 687 484 745 scriptionibus
518 686 753 733 concludi
779 698 932 743 posse
956 686 1168 738 videtur,
1202 685 1297 730 hos
1323 684 1527 729 ultimos
1552 685 1652 729 tres
1678 683 1832 728 libros

130 760 265 793 anno
308 748 423 792 1466
467 747 679 804 scriptos
725 758 838 792 esse
887 759 916 791 a
962 745 1195 792 Conrado
1241 744 1477 790 Haunolt.
1535 742 1831 800 Superiores

129 809 299 853 autem
332 806 442 852 libri
476 819 591 853 cum
626 808 674 852 et
706 806 801 863 ipsi
834 805 983 851 unius
1023 805 1219 851 scribae
1259 817 1466 849 manum
1507 815 1628 861 prae
1670 814 1726 848 se
1757 802 1831 848 fe-

129 869 252 920 rant,
286 879 465 913 omnes
498 867 562 912 ab
597 878 659 912 eo
692 866 860 923 scripti
893 866 1140 917 videntur,
1175 864 1260 922 qui
1293 864 1344 909 in
1376 863 1479 908 fine
1511 863 1541 909 l.
1568 862 1629 907 111
1659 863 1726 908 de
1751 862 1831 908 off.

130 952 185 958 —
218 927 271 972 id
302 926 519 984 primum
554 928 629 972 est
654 938 865 983 operum
890 925 1235 970 Tullianorum
1268 924 1367 969 hoc
1398 922 1662 969 volumine
1696 934 1832 969 com-

129 986 494 1045 prehensorum
520 1010 576 1017 —
602 998 791 1031 nomen
816 998 964 1030 suum
997 984 1166 1043 posuit
1192 984 1528 1040 eiusdemque
1554 982 1688 1028 illius
1713 981 1832 1027 anni

127 1058 409 1092 numerum.
465 1045 537 1091 Ibi
571 1046 707 1091 enim
740 1045 944 1103 legitur:
989 1043 1303 1102 „Expliciunt
1342 1043 1453 1088 libri
1492 1045 1594 1088 tres
1628 1043 1693 1087 de
1726 1042 1833 1088 offi-

130 1106 218 1152 ciis
252 1106 406 1151 marci
437 1105 546 1151 tulii
581 1105 840 1151 ciceronis,
897 1104 1075 1162 Scripti
1108 1116 1197 1162 per
1230 1115 1312 1148 me
1344 1102 1686 1148 bernhardum
1719 1114 1833 1160 gro⁶

129 1166 337 1212 schedel
371 1166 435 1211 de
467 1165 733 1223 remingen
757 1164 908 1210 Anno
933 1165 992 1210 66
1017 1164 1247 1222 proxima
1278 1162 1437 1208 feriali
1468 1162 1552 1208 die
1584 1164 1699 1219 post
1723 1162 1834 1207 bar-

127 1225 416 1272 tholomei.“
475 1225 623 1271 Hunc
654 1225 805 1283 igitur
838 1225 1099 1270 hominem
1133 1224 1184 1269 in
1217 1225 1432 1280 utroque
1466 1222 1646 1268 codice
1678 1221 1833 1267 libros

130 1287 195 1331 de
227 1285 413 1330 finibus
446 1284 707 1342 scripsisse
739 1285 846 1330 veri
880 1284 1044 1330 simile
1078 1286 1166 1329 est.

202 1344 306 1390 Iam
349 1357 416 1390 ne
461 1345 573 1402 quis
617 1345 843 1397 miretur,
889 1344 930 1389 si
971 1344 1022 1389 in
1063 1342 1394 1389 adnotatione
1434 1343 1607 1388 nostra
1649 1342 1714 1387 de
1756 1341 1834 1386 his

128 1404 285 1450 tribus
322 1404 584 1450 codicibus
610 1408 743 1449 ABE
776 1416 1144 1461 nonnunquam
1178 1403 1316 1448 aliud
1346 1402 1482 1460 quid,
1517 1404 1669 1459 atque
1696 1402 1833 1458 apud

129 1464 445 1522 Madvigium
479 1467 564 1509 aut
590 1464 845 1509 Baiterum
877 1464 1097 1516 traditur,
1131 1462 1346 1508 inveniri
1380 1464 1466 1507 aut
1491 1461 1678 1507 diserte
1712 1460 1833 1506 dici-

127 1526 205 1569 tur
249 1527 335 1569 aut
376 1536 439 1569 ex
479 1524 680 1570 silentio
723 1524 958 1570 concludi
1001 1524 1173 1577 debet,
1215 1523 1298 1568 hic
1338 1522 1586 1567 affirmare
1619 1533 1834 1567 necesse

130 1586 218 1636 est,
253 1596 336 1629 me
368 1584 462 1629 hos
496 1596 702 1642 quoque
736 1584 942 1630 codices
974 1583 1140 1641 ipsum
1173 1585 1429 1628 tractasse.

204 1642 476 1690 Codicibus
510 1644 573 1689 ab
607 1643 717 1689 aliis
751 1644 816 1689 ad
841 1644 995 1689 libros
1023 1644 1087 1688 de
1118 1643 1304 1688 finibus
1330 1642 1674 1688 recensendos
1707 1653 1834 1687 non-

130 1704 251 1749 dum
284 1703 523 1748 adhibitis
557 1716 677 1748 usus
710 1716 823 1748 sum
855 1703 954 1749 his:

205 1763 243 1808 1.
271 1762 915 1820 Rottendorfianus(=
933 1762 1003 1820 R),
1025 1762 1109 1821 qui
1137 1765 1212 1808 est
1238 1762 1289 1807 in
1315 1761 1627 1808 bibliotheca
1652 1762 1834 1807 acade-
1861 1763 1900 1805 R

129 1822 262 1868 miae
280 1822 782 1880 Lugduno-Batavae
802 1822 1157 1869 Gronovianus
1176 1823 1248 1876 21,
1273 1823 1465 1868 formae
1484 1821 1834 1879 quaternariae

129 1881 261 1936 min.‚
297 1894 429 1928 saec.
454 1882 555 1928 XII.
613 1882 666 1928 In
706 1883 809 1929 imo
851 1882 1081 1940 margine
1112 1882 1217 1928 folii
1258 1881 1403 1940 primi
1437 1881 1731 1938 inscriptum
1765 1881 1835 1927 le-

129 1942 282 1999 gitur:
327 1941 502 1996 „Liber
534 1942 680 1988 Bern.
714 1943 1028 1989 Rottendorff
1060 1941 1107 1988 S.
1141 1942 1228 1988 D.“
1287 1942 1365 1987 De
1399 1940 1656 1988 Ciceronis
1697 1941 1834 1986 libris

130 2002 194 2047 de
225 2002 324 2054 fin„
358 2002 444 2059 qui
477 2002 527 2046 in
560 2002 711 2047 huius
745 2002 935 2048 codicis
967 2003 996 2048 f.
1024 2002 1164 2047 1—21
1200 2002 1450 2060 leguntur,
1475 2001 1514 2047 J.
1542 2000 1750 2046 Geelius
1783 2000 1834 2046 in

129 2061 292 2107 catalo
335 2073 365 2107 o
398 2061 503 2107 libr.
538 2074 801 2115 manuscr.,
834 2062 919 2120 qui
952 2062 1073 2108 inde
1098 2062 1162 2108 ab
1189 2073 1323 2107 anno
1352 2061 1462 2107 1741
1491 2060 1834 2106 bibliothecae

129 2121 310 2179 Lugd.-
357 2123 420 2166 at.
462 2124 784 2167 accesserunt
825 2120 1001 2179 (1852),
1047 2135 1093 2180 p.
1130 2121 1214 2167 136
1254 2121 1383 2167 haec
1428 2120 1569 2166 dicit:
1621 2119 1834 2174 „Omnia

128 2181 239 2226 sine
286 2181 525 2226 librorum
571 2181 921 2228 distributione
966 2182 1361 2228 continuantur.“
1421 2179 1572 2231 Quod
1616 2181 1685 2226 ita
1730 2192 1833 2227 non

131 2243 226 2293 est,
260 2241 352 2286 sed
383 2240 525 2286 finito
559 2253 871 2299 unoquoque
904 2241 1125 2299 priorum
1158 2243 1393 2298 quattuor
1431 2240 1671 2286 librorum
1705 2241 1835 2286 duos

129 2300 317 2358 primos
349 2312 526 2345 versus
551 2300 865 2358 insequentis
898 2301 1008 2347 libri
1034 2301 1103 2346 ita
1135 2300 1363 2346 librarius
1397 2300 1616 2346 scribere
1646 2300 1833 2358 incipit,

130 2362 182 2405 ut
215 2359 433 2417 spatium
465 2372 686 2406 vacuum
719 2361 1029 2418 relinquatur
1060 2361 1256 2406 litterae
1288 2359 1488 2413 initiali,
1523 2373 1834 2418 quamquam

130 2431 191 2465 ea
234 2431 338 2465 non
382 2420 597 2477 ponitur.
654 2420 823 2478 Pergit
865 2419 1091 2467 Geelius:
1140 2419 1441 2474 „Deterioris
1485 2420 1676 2466 ordinis
1721 2432 1835 2466 esse

129 2479 227 2524 hae
259 2478 506 2525 lectiones
532 2480 900 2526 demonstrant:
934 2480 952 2526 I
980 2481 1000 2526 1
1037 2481 1256 2538 quidam
1290 2491 1396 2526 non
1431 2481 1540 2525 tam
1575 2480 1631 2525 id
1655 2492 1834 2537 repre-

129 2539 391 2593 hendunt;
421 2539 451 2584 2
483 2540 703 2596 defensa
736 2541 788 2586 et
818 2541 1017 2586 collata
1042 2541 1147 2595 θεὴ·
1178 2540 1243 2586 ib.
1268 2540 1563 2586 semelssiam
1589 2541 1836 2593 missam‚·

132 2600 181 2644 et
228 2598 522 2655 praesertim
571 2598 605 2656 ξ
636 2599 716 2645 34:
766 2612 870 2657 quo
916 2601 1223 2658 pertineant
1268 2611 1374 2645 ηοη
1423 2600 1831 2657 intelli9antur.“

130 2657 234 2702 Iam
266 2657 556 2711 videamus,
591 2671 692 2716 quo
727 2659 833 2705 iure
867 2671 931 2706 ex
963 2659 1042 2706 his
1075 2662 1310 2718 quattuor
1342 2659 1591 2716 exemplis
1626 2657 1834 2705 Geelius

130 2717 266 2763 hunc
298 2717 479 2763 librum
513 2718 776 2765 deterioris
811 2731 924 2765 esse
995 2719 1159 2765 eneris
1201 2718 1517 2765 concluserit.
1576 2718 1629 2764 In
1670 2718 1832 2776 primo

130 2777 367 2834 exemplo
399 2789 521 2823 vera
552 2778 703 2825 lectio
738 2781 813 2824 est
846 2780 937 2837 qui
977 2792 1064 2825 am
1097 2780 1274 2825 autem
1300 2790 1406 2824 non
1442 2779 1550 2823 tam
1577 2779 1633 2824 id
1656 2790 1834 2836 repre-

128 2836 376 2891 hendunt,
403 2837 649 2883 omissum
674 2838 826 2896 igitur
851 2841 926 2884 est
950 2839 1002 2884 in
1026 2839 1126 2884 hoc
1150 2838 1279 2884 libro
1304 2838 1615 2883 vocabulum
1641 2840 1832 2893 autem,

130 2895 268 2953 quod
308 2896 359 2941 in
400 2897 518 2943 dett.
560 2910 664 2944 non
706 2899 871 2952 deest,
914 2901 963 2945 et
1002 2911 1092 2956 pro
1134 2910 1239 2944 non
1283 2899 1391 2943 tam
1426 2897 1482 2942 id
1522 2898 1680 2943 estin
1715 2899 1832 2943 dett.
