2046 3138
215 164 285 215 22
641 157 726 203 DE
759 156 1012 204 FINIBUS
1043 156 1194 204 BON.
1228 158 1306 204 ET
1338 157 1491 204 MAL.
1627 163 1994 205 Lib‚1c.15—16

215 299 457 362 patriam,
499 298 743 361 plerique
783 303 965 348 autem
1007 312 1066 349 se
1100 300 1250 361 ipsos
1292 300 1508 362 penitus
1542 299 1903 361 perdiderunt,

215 374 292 424 sic
324 373 578 423 robustus
610 373 826 423 animus
860 378 911 423 et
943 372 1191 423 excelsus
1225 375 1374 424 omni
1409 378 1489 424 est
1521 373 1655 424 liber
1695 387 1821 424 cura
1854 380 1905 425 et

215 461 435 511 angore,
469 461 591 498 cum
627 452 679 498 et
711 452 940 498 mortem
976 448 1288 507 contemnit,
1322 462 1432 512 qua
1457 449 1550 511 qui
1576 447 1753 498 affecti
1779 454 1905 499 sunt

215 522 269 572 in
303 521 498 572 eadem
532 535 700 572 causa
731 527 871 581 sunt,
903 535 1014 585 qua
1046 527 1171 572 ante
1205 536 1370 585 quarn
1404 523 1531 581 nati,
1565 527 1617 573 et
1648 521 1719 572 ad
1752 521 1905 574 dolo-

215 611 299 646 res
333 597 406 646 ita
439 601 657 659 paratus
692 601 787 655 est,
818 601 876 647 ut
908 597 1214 647 meminerit
1246 599 1517 647 maximos
1543 602 1716 647 morte
1749 596 1903 656 finiri,
1928 609 1951 642 5

215 685 414 733 parvos
455 670 627 721 multa
666 671 868 722 habere
908 671 1192 721 intervalla
1231 673 1502 735 requietis,
1547 670 1903 722 mediocrium

213 760 316 796 nos
363 759 484 796 esse
530 745 801 804 dominOS,
846 750 917 805 ut,
963 746 1007 795 si
1048 745 1359 797 tolerabiles
1399 747 1519 805 sint,
1564 745 1814 805 feramuS,
1860 748 1904 796 si

215 821 410 879 minus
444 820 629 871 animo
665 834 844 883 aequo
881 834 910 870 e
943 821 1068 879 vita,
1112 835 1234 871 cum
1269 835 1335 872 ea
1366 835 1478 871 non
1513 819 1739 883 placeat,
1771 825 1905 870 tam-

214 909 380 958 quam
412 909 444 945 e
470 895 677 946 theatro
706 908 981 946 exeamus,
1037 895 1236 958 quibus
1263 896 1426 946 rebus
1453 893 1780 958 intellegitur
1803 909 1906 946 nec

213 969 555 1020 timiditatem
608 970 998 1033 ignaviamque
1044 970 1335 1032 vituperari
1383 984 1487 1021 nec
1536 968 1903 1020 fortitudinem
1931 979 1973 1014 10

131 1080 194 1128 16
215 1044 643 1107 patientiamque
676 1043 884 1094 laudari
919 1058 1019 1094 suo
1053 1045 1292 1104 nomine,
1326 1044 1423 1095 sed
1457 1043 1577 1094 illas
1601 1044 1742 1102 reici,
1776 1045 1905 1106 quia

124 1151 179 1191 50
213 1117 459 1169 dolorem
494 1120 718 1181 pariant,
752 1118 852 1168 has
886 1119 1077 1181 optari,
1111 1120 1240 1181 quia
1269 1119 1624 1182 voluptatem.

125 2312 177 2352 51

286 1192 490 1243 Iustitia
522 1198 698 1252 restat,
738 1199 796 1243 ut
829 1193 898 1243 de
932 1194 1082 1244 omni
1113 1194 1308 1244 virtute
1341 1195 1409 1244 sit
1440 1193 1658 1243 dictum.
1714 1192 1811 1242 sed
1837 1194 1905 1243 si-

213 1267 363 1317 milia
394 1267 503 1318 fere
537 1268 643 1318 dici
669 1273 913 1331 possunt.
970 1272 1028 1317 ut
1054 1268 1199 1318 enirn
1227 1269 1568 1331 sapientiam,
1600 1271 1904 1330 temperan-

213 1342 358 1400 tiam,
392 1342 760 1393 fortitudinem
796 1342 1079 1404 copulatas
1114 1357 1235 1393 esse
1269 1343 1432 1394 docui
1459 1357 1581 1392 cum
1607 1341 1903 1404 voluptate,
1930 1352 1972 1387 15

212 1421 270 1466 ut
301 1417 371 1467 ab
399 1431 465 1467 ea
497 1417 647 1468 nullo
690 1416 858 1467 modo
901 1431 1003 1467 nec
1043 1417 1228 1467 divelli
1271 1432 1375 1467 nec
1415 1416 1637 1467 distrahi
1678 1417 1903 1478 possint,

213 1492 290 1541 sic
330 1490 399 1542 de
428 1485 641 1542 'iustitia
673 1491 1027 1541 iudicandum
1070 1496 1163 1550 est,
1205 1505 1347 1555 quae
1387 1505 1499 1543 non
1540 1492 1708 1542 modo
1749 1505 1904 1540 num-

214 1579 378 1628 quam
412 1571 574 1617 nocet
608 1567 878 1629 cuiquam,
912 1566 1009 1616 sed
1044 1571 1231 1616 contra
1263 1580 1478 1629 semper
1511 1565 1675 1616 afficit
1700 1579 1822 1615 cum
1848 1567 1902 1615 vi

213 1654 313 1690 sua
357 1645 521 1704 atque
565 1645 770 1699 natura,
816 1640 965 1703 quod
1010 1639 1322 1704 tranquillat
1366 1641 1594 1698 animOS,
1646 1646 1760 1691 tum
1805 1653 1903 1703 spe

211 1714 344 1764 nihil
379 1729 564 1765 earum
598 1729 774 1767 rerum
810 1714 1133 1774 defuturum,
1175 1729 1312 1778 quas
1345 1720 1537 1765 natura
1567 1729 1680 1767 non
1714 1714 1904 1777 depra-
1927 1725 1971 1761 20

211 1793 339 1839 vata
371 1789 657 1840 desiderat.
712 1783 845 1852 (Et)
878 1804 1041 1852 quem
1083 1789 1153 1839 ad
1195 1790 1421 1840 modum
1454 1791 1728 1840 temeritas
1762 1794 1814 1838 et
1846 1788 1904 1838 li-

212 1863 342 1914 bido
377 1869 431 1914 et
462 1865 685 1927 ignavia
724 1878 939 1926 semper
979 1865 1222 1914 animum
1256 1865 1565 1914 excruciant
1604 1869 1657 1915 et
1688 1877 1904 1925 semper

213 1938 505 1989 sollicitant
530 1939 983 2001 turbulentaeque
1008 1943 1147 1997 sunt,
1181 1940 1258 1988 sic
1282 1934 1618 2001 <inprobitas
1644 1933 1725 2000 si>
1749 1938 1918 1987 cuius·

213 2014 266 2062 in
294 2018 476 2064 mente
504 2013 766 2071 consedit,
793 2013 899 2064 hoc
923 2013 1060 2076 ipSO‚
1094 2013 1244 2076 quod
1271 2012 1440 2072 adest,
1465 2013 1774 2064 turbulenta
1800 2017 1901 2070 est;

212 2088 255 2137 si
297 2102 428 2138 vero
470 2087 661 2138 molita
701 2088 983 2150 quippiam
1026 2092 1121 2146 est,
1163 2088 1414 2150 quamvis
1455 2088 1667 2138 occulte
1706 2087 1902 2145 fecerit,
1927 2099 1971 2133 25

212 2176 514 2225 numquam
562 2167 746 2212 tamen
805 2161 859 2211 id
905 2162 1145 2212 confidet
1190 2162 1304 2212 fore
1352 2176 1568 2224 semper
1615 2161 1902 2213 occultum.

216 2236 538 2299 plerumque
566 2237 937 2299 improborum
964 2236 1105 2286 facta
1130 2237 1303 2299 primo
1323 2237 1562 2299 suspicio
1589 2237 1902 2299 insequitur,

217 2310 342 2360 dein
367 2325 548 2361 sermo
577 2316 740 2374 atque
767 2311 925 2370 fama,
951 2315 1065 2361 tum
1085 2315 1380 2370 accusator,
1405 2315 1519 2360 tum
1538 2311 1724 2368 iudex;
1748 2309 1901 2360 multi

213 2385 391 2443 etiam,
433 2390 490 2435 ut
522 2390 575 2436 te
608 2384 850 2443 consule,
891 2386 995 2448 ipsi
1036 2399 1096 2435 se
1129 2385 1520 2436 indicaverunt.
1576 2385 1775 2448 quodsi
1809 2386 1900 2447 qui

286 2577 312 2618 3
345 2574 442 2627 qui]
477 2579 586 2628 quia
617 2572 774 2619 A¹BE
938 2578 992 2619 18
1032 2578 1174 2620 afficit
1212 2575 1289 2630 (cf.
1328 2578 1458 2620 Tusc.
1488 2583 1593 2627 3,11
1628 2578 1706 2627 qui
1745 2580 1902 2618 contra

211 2635 365 2677 affecti
398 2634 507 2687 sint)
540 2637 610 2679 Se.
644 2638 820 2688 aliquid
851 2634 919 2687 (ἰη
944 2638 985 2679 Ν
1018 2641 1129 2679 ante
1161 2638 1335 2688 aliquid
1367 2639 1427 2679 ab
1461 2639 1545 2679 alt.
1579 2650 1635 2678 m.
1668 2647 1900 2688 supet-scr.

212 2698 284 2736 est
313 2693 411 2747 alit)
511 2698 554 2737 vi
579 2708 663 2737 sua
686 2697 741 2744 V,
773 2698 814 2738 N
847 2694 910 2747 (vi
944 2699 1004 2738 ab
1038 2699 1121 2739 alt.
1148 2710 1205 2739 m.
1233 2700 1281 2738 ἰη
1307 2709 1402 2738 ras.
1427 2694 1558 2747 scr.);
1591 2698 1639 2736 in
1662 2707 1747 2737 sua
1770 2694 1899 2736 BER

211 2766 295 2794 sua
325 2756 371 2795 vi
402 2755 445 2796 A
569 2755 624 2796 19
655 2757 917 2806 tranquillat
939 2757 1010 2798 Se.
1042 2757 1304 2807 tranquillet
1424 2756 1482 2797 20
1514 2767 1608 2797 non
1640 2767 1729 2796 om.
1762 2755 1900 2795 RNV

286 2814 339 2854 21
375 2815 605 2857 desiderat
627 2810 736 2857 R¹V
761 2817 990 2858 desideret
1095 2818 1206 2858 add.
1232 2817 1389 2857 Lamb.
1497 2815 1553 2856 23
1579 2816 1690 2856 add.
1714 2814 1838 2855 Mdv.

212 2872 268 2912 24
303 2877 394 2915 est:
427 2875 466 2915 sl
500 2874 632 2916 Grut.
674 2878 719 2916 et
757 2876 797 2916 si
837 2869 971 2916 ABE
1009 2876 1269 2917 turbulenta
1307 2886 1403 2916 non
1443 2876 1597 2925 potest
1634 2873 1732 2914 fieri
1766 2872 1820 2913 Et
1859 2875 1897 2914 si

211 2931 299 2973 RN
320 2934 580 2975 turbulenta
604 2946 699 2975 non
726 2937 879 2984 potest
901 2934 1000 2976 fieri
1034 2934 1082 2975 Si
1105 2934 1147 2976 V
1234 2934 1291 2975 28
1324 2934 1494 2975 deinde
1524 2932 1616 2974 NV
1691 2933 1832 2974 index
1855 2933 1897 2974 A

285 2990 342 3031 29
374 2993 690 3035 indicaverunt
720 2987 889 3035 A²RN
920 2994 1201 3035 indicaverat
1231 2988 1295 3034 A¹
1327 2994 1642 3034 iudicaverunt
1673 2991 1798 3032 BEV
