<?xml version="1.0" encoding="UTF-8"?>
<!DOCTYPE html PUBLIC "-//W3C//DTD XHTML 1.0 Transitional//EN"
    "http://www.w3.org/TR/xhtml1/DTD/xhtml1-transitional.dtd">
<html xmlns="http://www.w3.org/1999/xhtml" xml:lang="en" lang="en">
 <head>
  <title>
</title>
<meta http-equiv="Content-Type" content="text/html;charset=utf-8" />
  <meta name='ocr-system' content='tesseract 3.04.00' />
  <meta name='ocr-capabilities' content='ocr_page ocr_carea ocr_par ocr_line ocrx_word'/>
</head>
<body>
  <div class='ocr_page' id='page_1' title='image "./p1scriptaquaeman13ciceuoft_0105.png"; bbox 0 0 2046 3138; ppageno 0'>
   <div class='ocr_carea' id='block_1_1' title="bbox 37 126 1830 189">
    <p class='ocr_par' dir='ltr' id='par_1_1' title="bbox 37 126 1830 189">
     <span class='ocr_line' id='line_1_1' title="bbox 37 126 1830 189; baseline -0.002 -12"><span class='ocrx_word' id='word_1_1' title='bbox 37 134 67 186; x_wconf 67' lang='grc' dir='ltr'><strong>ξ</strong></span> <span class='ocrx_word' id='word_1_2' title='bbox 96 134 329 177; x_wconf 86' lang='grc'>114-119</span> <span class='ocrx_word' id='word_1_3' title='bbox 551 129 637 175; x_wconf 90' lang='lat' dir='ltr'>DE</span> <span class='ocrx_word' id='word_1_4' title='bbox 670 127 925 176; x_wconf 88' lang='lat' dir='ltr'><strong>FINIBUS</strong></span> <span class='ocrx_word' id='word_1_5' title='bbox 962 126 1113 175; x_wconf 92' lang='lat' dir='ltr'><strong>BON.</strong></span> <span class='ocrx_word' id='word_1_6' title='bbox 1145 127 1224 174; x_wconf 90' lang='lat' dir='ltr'>ET</span> <span class='ocrx_word' id='word_1_7' title='bbox 1257 127 1410 174; x_wconf 85' lang='lat' dir='ltr'>MAL.</span> <span class='ocrx_word' id='word_1_8' title='bbox 1757 136 1830 189; x_wconf 83' lang='grc'>85</span> 
     </span>
    </p>
   </div>
   <div class='ocr_carea' id='block_1_2' title="bbox 44 269 1911 2420">
    <p class='ocr_par' dir='ltr' id='par_1_2' title="bbox 54 269 1831 1380">
     <span class='ocr_line' id='line_1_2' title="bbox 128 269 1831 333; baseline -0.001 -11"><span class='ocrx_word' id='word_1_9' title='bbox 128 273 479 324; x_wconf 87' lang='lat' dir='ltr'>consensisse</span> <span class='ocrx_word' id='word_1_10' title='bbox 506 270 576 321; x_wconf 93' lang='lat' dir='ltr'>de</span> <span class='ocrx_word' id='word_1_11' title='bbox 598 269 847 321; x_wconf 89' lang='lat' dir='ltr'>Calatino</span> <span class='ocrx_word' id='word_1_12' title='bbox 874 269 1136 333; x_wconf 91' lang='lat' dir='ltr'>plurimas</span> <span class='ocrx_word' id='word_1_13' title='bbox 1162 270 1341 333; x_wconf 90' lang='lat' dir='ltr'>gentis</span> <span class='ocrx_word' id='word_1_14' title='bbox 1367 269 1700 329; x_wconf 80' lang='lat' dir='ltr'>arbitramur,</span> <span class='ocrx_word' id='word_1_15' title='bbox 1727 270 1831 332; x_wconf 58' lang='lat' dir='ltr'>pria</span> 
     </span>
     <span class='ocr_line' id='line_1_3' title="bbox 127 343 1827 408; baseline -0.001 -12"><span class='ocrx_word' id='word_1_16' title='bbox 127 347 358 396; x_wconf 92' lang='lat' dir='ltr'>marium</span> <span class='ocrx_word' id='word_1_17' title='bbox 393 344 584 408; x_wconf 89' lang='lat' dir='ltr'>populi</span> <span class='ocrx_word' id='word_1_18' title='bbox 618 345 801 404; x_wconf 83' lang='lat' dir='ltr'>fuisse,</span> <span class='ocrx_word' id='word_1_19' title='bbox 835 343 986 408; x_wconf 91' lang='lat' dir='ltr'>quod</span> <span class='ocrx_word' id='word_1_20' title='bbox 1013 345 1516 407; x_wconf 90' lang='lat' dir='ltr'>praestantissimus</span> <span class='ocrx_word' id='word_1_21' title='bbox 1548 343 1740 398; x_wconf 77' lang='lat' dir='ltr'>fuisset</span> <span class='ocrx_word' id='word_1_22' title='bbox 1772 345 1827 406; x_wconf 82' lang='lat' dir='ltr'>in</span> 
     </span>
     <span class='ocr_line' id='line_1_4' title="bbox 127 418 1827 482; baseline -0.001 -11"><span class='ocrx_word' id='word_1_23' title='bbox 127 419 486 472; x_wconf 83' lang='lat' dir='ltr'>conficiendis</span> <span class='ocrx_word' id='word_1_24' title='bbox 527 419 943 482; x_wconf 79' lang='lat' dir='ltr'>voluptatibus?</span> <span class='ocrx_word' id='word_1_25' title='bbox 1006 432 1137 482; x_wconf 87' lang='lat' dir='ltr'>ergo</span> <span class='ocrx_word' id='word_1_26' title='bbox 1178 419 1232 468; x_wconf 92' lang='lat' dir='ltr'>in</span> <span class='ocrx_word' id='word_1_27' title='bbox 1274 420 1340 470; x_wconf 92' lang='lat' dir='ltr'>iis</span> <span class='ocrx_word' id='word_1_28' title='bbox 1380 418 1827 471; x_wconf 86' lang='lat' dir='ltr'>adolescentibus</span> 
     </span>
     <span class='ocr_line' id='line_1_5' title="bbox 127 493 1828 557; baseline -0.001 -11"><span class='ocrx_word' id='word_1_29' title='bbox 127 496 331 546; x_wconf 89' lang='lat' dir='ltr'>bonam</span> <span class='ocrx_word' id='word_1_30' title='bbox 366 508 522 557; x_wconf 90' lang='lat' dir='ltr'>spem</span> <span class='ocrx_word' id='word_1_31' title='bbox 557 507 681 546; x_wconf 89' lang='lat' dir='ltr'>esse</span> <span class='ocrx_word' id='word_1_32' title='bbox 714 493 962 544; x_wconf 88' lang='lat' dir='ltr'>dicemus</span> <span class='ocrx_word' id='word_1_33' title='bbox 1003 499 1057 545; x_wconf 89' lang='lat' dir='ltr'>et</span> <span class='ocrx_word' id='word_1_34' title='bbox 1088 507 1350 557; x_wconf 90' lang='lat' dir='ltr'>magnam</span> <span class='ocrx_word' id='word_1_35' title='bbox 1383 493 1654 553; x_wconf 71' lang='lat' dir='ltr'>indolem,</span> <span class='ocrx_word' id='word_1_36' title='bbox 1684 507 1828 557; x_wconf 88' lang='lat' dir='ltr'>quos</span> 
     </span>
     <span class='ocr_line' id='line_1_6' title="bbox 79 568 1829 631; baseline 0.003 -16"><span class='ocrx_word' id='word_1_37' title='bbox 79 580 103 615; x_wconf 84' lang='lat'>5</span> <span class='ocrx_word' id='word_1_38' title='bbox 129 571 243 620; x_wconf 90' lang='lat' dir='ltr'>suis</span> <span class='ocrx_word' id='word_1_39' title='bbox 277 568 586 620; x_wconf 89' lang='lat' dir='ltr'>commodis</span> <span class='ocrx_word' id='word_1_40' title='bbox 619 569 975 619; x_wconf 88' lang='lat' dir='ltr'>inservituros</span> <span class='ocrx_word' id='word_1_41' title='bbox 1016 573 1068 619; x_wconf 89' lang='lat' dir='ltr'>et</span> <span class='ocrx_word' id='word_1_42' title='bbox 1100 568 1362 631; x_wconf 91' lang='lat' dir='ltr'>quicquid</span> <span class='ocrx_word' id='word_1_43' title='bbox 1402 570 1538 631; x_wconf 88' lang='lat' dir='ltr'>ipsis</span> <span class='ocrx_word' id='word_1_44' title='bbox 1571 568 1829 631; x_wconf 85' lang='lat' dir='ltr'>expediat</span> 
     </span>
     <span class='ocr_line' id='line_1_7' title="bbox 125 642 1828 706; baseline 0 -13"><span class='ocrx_word' id='word_1_45' title='bbox 125 645 361 695; x_wconf 79' lang='lat' dir='ltr'>facturos</span> <span class='ocrx_word' id='word_1_46' title='bbox 395 643 808 694; x_wconf 79' lang='lat' dir='ltr'>arbitrabimur?</span> <span class='ocrx_word' id='word_1_47' title='bbox 868 656 1058 694; x_wconf 94' lang='lat' dir='ltr'>nonne</span> <span class='ocrx_word' id='word_1_48' title='bbox 1088 642 1344 693; x_wconf 89' lang='lat' dir='ltr'>videmus</span> <span class='ocrx_word' id='word_1_49' title='bbox 1377 648 1584 706; x_wconf 91' lang='lat' dir='ltr'>quanta</span> <span class='ocrx_word' id='word_1_50' title='bbox 1624 647 1828 706; x_wconf 81' lang='lat' dir='ltr'>pertur-</span> 
     </span>
     <span class='ocr_line' id='line_1_8' title="bbox 124 717 1826 781; baseline 0.001 -13"><span class='ocrx_word' id='word_1_51' title='bbox 124 719 274 769; x_wconf 89' lang='lat' dir='ltr'>batio</span> <span class='ocrx_word' id='word_1_52' title='bbox 318 731 496 768; x_wconf 91' lang='lat' dir='ltr'>rerum</span> <span class='ocrx_word' id='word_1_53' title='bbox 546 718 795 768; x_wconf 91' lang='lat' dir='ltr'>omnium</span> <span class='ocrx_word' id='word_1_54' title='bbox 845 723 1229 781; x_wconf 86' lang='lat' dir='ltr'>consequatur,</span> <span class='ocrx_word' id='word_1_55' title='bbox 1282 722 1488 780; x_wconf 91' lang='lat' dir='ltr'>quanta</span> <span class='ocrx_word' id='word_1_56' title='bbox 1536 717 1826 769; x_wconf 66' lang='lat' dir='ltr'>confusio?</span> 
     </span>
     <span class='ocr_line' id='line_1_9' title="bbox 123 791 1826 855; baseline -0.001 -12"><span class='ocrx_word' id='word_1_57' title='bbox 123 791 326 844; x_wconf 91' lang='lat' dir='ltr'>tollitur</span> <span class='ocrx_word' id='word_1_58' title='bbox 351 792 697 851; x_wconf 81' lang='lat' dir='ltr'>beneficium,</span> <span class='ocrx_word' id='word_1_59' title='bbox 730 792 932 843; x_wconf 91' lang='lat' dir='ltr'>tollitur</span> <span class='ocrx_word' id='word_1_60' title='bbox 957 793 1144 855; x_wconf 89' lang='lat' dir='ltr'>gratia,</span> <span class='ocrx_word' id='word_1_61' title='bbox 1170 805 1314 855; x_wconf 91' lang='lat' dir='ltr'>quae</span> <span class='ocrx_word' id='word_1_62' title='bbox 1340 797 1467 843; x_wconf 91' lang='lat' dir='ltr'>sunt</span> <span class='ocrx_word' id='word_1_63' title='bbox 1489 792 1672 842; x_wconf 91' lang='lat' dir='ltr'>vincla</span> <span class='ocrx_word' id='word_1_64' title='bbox 1697 806 1826 843; x_wconf 90' lang='lat' dir='ltr'>con-</span> 
     </span>
     <span class='ocr_line' id='line_1_10' title="bbox 124 866 1826 925; baseline -0.001 -7"><span class='ocrx_word' id='word_1_65' title='bbox 124 866 357 918; x_wconf 82' lang='lat' dir='ltr'>cordiae.</span> <span class='ocrx_word' id='word_1_66' title='bbox 405 880 508 917; x_wconf 94' lang='lat' dir='ltr'>nec</span> <span class='ocrx_word' id='word_1_67' title='bbox 533 867 695 925; x_wconf 94' lang='lat' dir='ltr'>enim,</span> <span class='ocrx_word' id='word_1_68' title='bbox 721 880 844 917; x_wconf 92' lang='lat' dir='ltr'>cum</span> <span class='ocrx_word' id='word_1_69' title='bbox 872 872 965 916; x_wconf 92' lang='lat' dir='ltr'>tua</span> <span class='ocrx_word' id='word_1_70' title='bbox 990 879 1158 917; x_wconf 92' lang='lat' dir='ltr'>causa</span> <span class='ocrx_word' id='word_1_71' title='bbox 1183 867 1269 916; x_wconf 93' lang='lat' dir='ltr'>cui</span> <span class='ocrx_word' id='word_1_72' title='bbox 1287 866 1626 925; x_wconf 84' lang='lat' dir='ltr'>commodeS,</span> <span class='ocrx_word' id='word_1_73' title='bbox 1659 867 1826 918; x_wconf 86' lang='lat' dir='ltr'>bene-</span> 
     </span>
     <span class='ocr_line' id='line_1_11' title="bbox 56 940 1826 1005; baseline 0.003 -18"><span class='ocrx_word' id='word_1_74' title='bbox 56 952 100 987; x_wconf 88' lang='lat'>10</span> <span class='ocrx_word' id='word_1_75' title='bbox 125 942 309 992; x_wconf 79' lang='lat' dir='ltr'>ficium</span> <span class='ocrx_word' id='word_1_76' title='bbox 351 941 485 991; x_wconf 93' lang='lat' dir='ltr'>illud</span> <span class='ocrx_word' id='word_1_77' title='bbox 526 940 844 991; x_wconf 92' lang='lat' dir='ltr'>habendum</span> <span class='ocrx_word' id='word_1_78' title='bbox 888 947 983 1000; x_wconf 93' lang='lat' dir='ltr'>est,</span> <span class='ocrx_word' id='word_1_79' title='bbox 1025 941 1123 992; x_wconf 91' lang='lat' dir='ltr'>sed</span> <span class='ocrx_word' id='word_1_80' title='bbox 1163 941 1477 1000; x_wconf 79' lang='lat' dir='ltr'>faeneratiO,</span> <span class='ocrx_word' id='word_1_81' title='bbox 1516 955 1620 992; x_wconf 88' lang='lat' dir='ltr'>nec</span> <span class='ocrx_word' id='word_1_82' title='bbox 1644 943 1826 1005; x_wconf 74' lang='lat' dir='ltr'>,gratia</span> 
     </span>
     <span class='ocr_line' id='line_1_12' title="bbox 125 1015 1825 1078; baseline -0.001 -11"><span class='ocrx_word' id='word_1_83' title='bbox 125 1016 312 1067; x_wconf 89' lang='lat' dir='ltr'>deberi</span> <span class='ocrx_word' id='word_1_84' title='bbox 344 1015 560 1066; x_wconf 89' lang='lat' dir='ltr'>videtur</span> <span class='ocrx_word' id='word_1_85' title='bbox 593 1017 657 1074; x_wconf 92' lang='lat' dir='ltr'>ei,</span> <span class='ocrx_word' id='word_1_86' title='bbox 691 1017 784 1078; x_wconf 91' lang='lat' dir='ltr'>qui</span> <span class='ocrx_word' id='word_1_87' title='bbox 818 1029 919 1066; x_wconf 90' lang='lat' dir='ltr'>sua</span> <span class='ocrx_word' id='word_1_88' title='bbox 948 1029 1120 1066; x_wconf 89' lang='lat' dir='ltr'>causa</span> <span class='ocrx_word' id='word_1_89' title='bbox 1145 1016 1593 1067; x_wconf 88' lang='lat' dir='ltr'>commodaverit.</span> <span class='ocrx_word' id='word_1_90' title='bbox 1655 1017 1825 1067; x_wconf 86' lang='lat' dir='ltr'>maxi-</span> 
     </span>
     <span class='ocr_line' id='line_1_13' title="bbox 122 1090 1824 1153; baseline 0.001 -13"><span class='ocrx_word' id='word_1_91' title='bbox 122 1104 241 1141; x_wconf 89' lang='lat' dir='ltr'>mas</span> <span class='ocrx_word' id='word_1_92' title='bbox 281 1104 413 1141; x_wconf 90' lang='lat' dir='ltr'>vero</span> <span class='ocrx_word' id='word_1_93' title='bbox 454 1091 680 1141; x_wconf 89' lang='lat' dir='ltr'>virtutes</span> <span class='ocrx_word' id='word_1_94' title='bbox 721 1091 898 1141; x_wconf 89' lang='lat' dir='ltr'>iacere</span> <span class='ocrx_word' id='word_1_95' title='bbox 931 1091 1112 1141; x_wconf 92' lang='lat' dir='ltr'>omnis</span> <span class='ocrx_word' id='word_1_96' title='bbox 1152 1104 1383 1141; x_wconf 89' lang='lat' dir='ltr'>necesse</span> <span class='ocrx_word' id='word_1_97' title='bbox 1424 1095 1506 1141; x_wconf 92' lang='lat' dir='ltr'>est</span> <span class='ocrx_word' id='word_1_98' title='bbox 1537 1090 1824 1153; x_wconf 89' lang='lat' dir='ltr'>voluptate</span> 
     </span>
     <span class='ocr_line' id='line_1_14' title="bbox 122 1164 1822 1228; baseline 0 -13"><span class='ocrx_word' id='word_1_99' title='bbox 122 1165 458 1216; x_wconf 92' lang='lat' dir='ltr'>dominante.</span> <span class='ocrx_word' id='word_1_100' title='bbox 507 1169 634 1214; x_wconf 92' lang='lat' dir='ltr'>sunt</span> <span class='ocrx_word' id='word_1_101' title='bbox 651 1165 815 1215; x_wconf 93' lang='lat' dir='ltr'>etiam</span> <span class='ocrx_word' id='word_1_102' title='bbox 834 1164 1199 1227; x_wconf 88' lang='lat' dir='ltr'>turpitudines</span> <span class='ocrx_word' id='word_1_103' title='bbox 1226 1165 1507 1228; x_wconf 90' lang='lat' dir='ltr'>plurimae,</span> <span class='ocrx_word' id='word_1_104' title='bbox 1533 1179 1692 1228; x_wconf 89' lang='lat' dir='ltr'>quae,</span> <span class='ocrx_word' id='word_1_105' title='bbox 1716 1166 1822 1215; x_wconf 91' lang='lat' dir='ltr'>nisi</span> 
     </span>
     <span class='ocr_line' id='line_1_15' title="bbox 121 1238 1823 1301; baseline 0.001 -12"><span class='ocrx_word' id='word_1_106' title='bbox 121 1238 384 1291; x_wconf 92' lang='lat' dir='ltr'>honestas</span> <span class='ocrx_word' id='word_1_107' title='bbox 428 1244 621 1289; x_wconf 88' lang='lat' dir='ltr'>natura</span> <span class='ocrx_word' id='word_1_108' title='bbox 662 1239 955 1301; x_wconf 90' lang='lat' dir='ltr'>plurimum</span> <span class='ocrx_word' id='word_1_109' title='bbox 994 1239 1192 1298; x_wconf 87' lang='lat' dir='ltr'>valeat,</span> <span class='ocrx_word' id='word_1_110' title='bbox 1237 1253 1330 1290; x_wconf 89' lang='lat' dir='ltr'>cur</span> <span class='ocrx_word' id='word_1_111' title='bbox 1372 1254 1486 1291; x_wconf 92' lang='lat' dir='ltr'>non</span> <span class='ocrx_word' id='word_1_112' title='bbox 1528 1240 1727 1291; x_wconf 89' lang='lat' dir='ltr'>cadant</span> <span class='ocrx_word' id='word_1_113' title='bbox 1766 1241 1823 1292; x_wconf 86' lang='lat' dir='ltr'>in</span> 
     </span>
     <span class='ocr_line' id='line_1_16' title="bbox 54 1312 1448 1380; baseline 0.002 -19"><span class='ocrx_word' id='word_1_114' title='bbox 54 1325 99 1360; x_wconf 84' lang='lat'>15</span> <span class='ocrx_word' id='word_1_115' title='bbox 122 1315 428 1377; x_wconf 90' lang='lat' dir='ltr'>sapientem</span> <span class='ocrx_word' id='word_1_116' title='bbox 462 1327 575 1364; x_wconf 92' lang='lat' dir='ltr'>non</span> <span class='ocrx_word' id='word_1_117' title='bbox 609 1318 692 1364; x_wconf 91' lang='lat' dir='ltr'>est</span> <span class='ocrx_word' id='word_1_118' title='bbox 723 1313 882 1364; x_wconf 84' lang='lat' dir='ltr'>facile</span> <span class='ocrx_word' id='word_1_119' title='bbox 914 1312 1224 1365; x_wconf 81' lang='lat' dir='ltr'>defendere.</span> <span class='ocrx_word' id='word_1_120' title='bbox 1445 1377 1448 1380; x_wconf 72' lang='lat'>.</span> 
     </span>
    </p>

    <p class='ocr_par' dir='ltr' id='par_1_3' title="bbox 117 1386 1911 1676">
     <span class='ocr_line' id='line_1_17' title="bbox 195 1386 1911 1451; baseline -0.001 -12"><span class='ocrx_word' id='word_1_121' title='bbox 195 1386 276 1439; x_wconf 90' lang='lat' dir='ltr'>Ac</span> <span class='ocrx_word' id='word_1_122' title='bbox 293 1402 363 1438; x_wconf 89' lang='lat' dir='ltr'>ne</span> <span class='ocrx_word' id='word_1_123' title='bbox 383 1387 539 1451; x_wconf 92' lang='lat' dir='ltr'>plura</span> <span class='ocrx_word' id='word_1_124' title='bbox 557 1387 888 1451; x_wconf 91' lang='lat' dir='ltr'>complectar</span> <span class='ocrx_word' id='word_1_125' title='bbox 902 1412 972 1421; x_wconf 91' lang='grc'>--</span> <span class='ocrx_word' id='word_1_126' title='bbox 988 1394 1115 1439; x_wconf 89' lang='lat' dir='ltr'>sunt</span> <span class='ocrx_word' id='word_1_127' title='bbox 1129 1390 1274 1439; x_wconf 88' lang='lat' dir='ltr'>enim</span> <span class='ocrx_word' id='word_1_128' title='bbox 1290 1388 1710 1440; x_wconf 88' lang='lat' dir='ltr'>innumerabilia</span> <span class='ocrx_word' id='word_1_129' title='bbox 1719 1397 1845 1448; x_wconf 88' lang='lat'>—,-1</span> <span class='ocrx_word' id='word_1_130' title='bbox 1857 1397 1911 1437; x_wconf 86' lang='lat'>18</span> 
     </span>
     <span class='ocr_line' id='line_1_18' title="bbox 118 1462 1820 1526; baseline 0.001 -13"><span class='ocrx_word' id='word_1_131' title='bbox 118 1463 261 1513; x_wconf 90' lang='lat' dir='ltr'>bene</span> <span class='ocrx_word' id='word_1_132' title='bbox 286 1462 511 1512; x_wconf 92' lang='lat' dir='ltr'>laudata</span> <span class='ocrx_word' id='word_1_133' title='bbox 525 1463 697 1513; x_wconf 90' lang='lat' dir='ltr'>virtus</span> <span class='ocrx_word' id='word_1_134' title='bbox 721 1462 1022 1526; x_wconf 90' lang='lat' dir='ltr'>voluptatis</span> <span class='ocrx_word' id='word_1_135' title='bbox 1040 1463 1220 1513; x_wconf 90' lang='lat' dir='ltr'>aditus</span> <span class='ocrx_word' id='word_1_136' title='bbox 1246 1463 1570 1514; x_wconf 90' lang='lat' dir='ltr'>intercludat</span> <span class='ocrx_word' id='word_1_137' title='bbox 1589 1477 1820 1516; x_wconf 89' lang='lat' dir='ltr'>necesse</span> 
     </span>
     <span class='ocr_line' id='line_1_19' title="bbox 118 1537 1819 1604; baseline 0.002 -17"><span class='ocrx_word' id='word_1_138' title='bbox 118 1542 215 1588; x_wconf 90' lang='lat' dir='ltr'>est.</span> <span class='ocrx_word' id='word_1_139' title='bbox 270 1537 420 1600; x_wconf 92' lang='lat' dir='ltr'>quod</span> <span class='ocrx_word' id='word_1_140' title='bbox 454 1538 562 1587; x_wconf 92' lang='lat' dir='ltr'>iam</span> <span class='ocrx_word' id='word_1_141' title='bbox 597 1551 630 1587; x_wconf 90' lang='lat' dir='ltr'>a</span> <span class='ocrx_word' id='word_1_142' title='bbox 661 1551 751 1587; x_wconf 93' lang='lat' dir='ltr'>me</span> <span class='ocrx_word' id='word_1_143' title='bbox 785 1542 1073 1600; x_wconf 86' lang='lat' dir='ltr'>expectare</span> <span class='ocrx_word' id='word_1_144' title='bbox 1104 1538 1234 1588; x_wconf 89' lang='lat' dir='ltr'>noli.</span> <span class='ocrx_word' id='word_1_145' title='bbox 1290 1543 1404 1589; x_wconf 90' lang='lat' dir='ltr'>tute</span> <span class='ocrx_word' id='word_1_146' title='bbox 1437 1539 1731 1604; x_wconf 82' lang='lat' dir='ltr'>introspice</span> <span class='ocrx_word' id='word_1_147' title='bbox 1763 1539 1819 1590; x_wconf 90' lang='lat' dir='ltr'>in</span> 
     </span>
     <span class='ocr_line' id='line_1_20' title="bbox 117 1613 1820 1676; baseline 0.001 -14"><span class='ocrx_word' id='word_1_148' title='bbox 117 1617 358 1662; x_wconf 92' lang='lat' dir='ltr'>mentem</span> <span class='ocrx_word' id='word_1_149' title='bbox 400 1617 550 1661; x_wconf 89' lang='lat' dir='ltr'>tuam</span> <span class='ocrx_word' id='word_1_150' title='bbox 592 1613 711 1674; x_wconf 92' lang='lat' dir='ltr'>ipse</span> <span class='ocrx_word' id='word_1_151' title='bbox 753 1626 989 1674; x_wconf 89' lang='lat' dir='ltr'>eamque</span> <span class='ocrx_word' id='word_1_152' title='bbox 1030 1613 1180 1663; x_wconf 93' lang='lat' dir='ltr'>omni</span> <span class='ocrx_word' id='word_1_153' title='bbox 1215 1614 1549 1676; x_wconf 87' lang='lat' dir='ltr'>cogitatione</span> <span class='ocrx_word' id='word_1_154' title='bbox 1589 1618 1820 1676; x_wconf 89' lang='lat' dir='ltr'>pertrac-</span> 
     </span>
    </p>

    <p class='ocr_par' dir='ltr' id='par_1_4' title="bbox 46 1687 1818 2049">
     <span class='ocr_line' id='line_1_21' title="bbox 46 1687 1818 1750; baseline 0.003 -17"><span class='ocrx_word' id='word_1_155' title='bbox 46 1696 93 1732; x_wconf 82' lang='lat'>20</span> <span class='ocrx_word' id='word_1_156' title='bbox 116 1691 238 1736; x_wconf 92' lang='lat' dir='ltr'>tans</span> <span class='ocrx_word' id='word_1_157' title='bbox 272 1691 592 1749; x_wconf 91' lang='lat' dir='ltr'>percontare</span> <span class='ocrx_word' id='word_1_158' title='bbox 624 1688 745 1748; x_wconf 90' lang='lat' dir='ltr'>ipse</span> <span class='ocrx_word' id='word_1_159' title='bbox 777 1692 830 1736; x_wconf 91' lang='lat' dir='ltr'>te</span> <span class='ocrx_word' id='word_1_160' title='bbox 864 1687 1215 1749; x_wconf 90' lang='lat' dir='ltr'>perpetuisne</span> <span class='ocrx_word' id='word_1_161' title='bbox 1248 1687 1406 1737; x_wconf 92' lang='lat' dir='ltr'>malis</span> <span class='ocrx_word' id='word_1_162' title='bbox 1438 1688 1818 1750; x_wconf 90' lang='lat' dir='ltr'>voluptatibus</span> 
     </span>
     <span class='ocr_line' id='line_1_22' title="bbox 117 1760 1816 1825; baseline 0.002 -15"><span class='ocrx_word' id='word_1_163' title='bbox 117 1760 396 1823; x_wconf 84' lang='lat' dir='ltr'>perfruens</span> <span class='ocrx_word' id='word_1_164' title='bbox 430 1761 484 1810; x_wconf 91' lang='lat' dir='ltr'>in</span> <span class='ocrx_word' id='word_1_165' title='bbox 526 1774 607 1819; x_wconf 88' lang='lat' dir='ltr'>ea,</span> <span class='ocrx_word' id='word_1_166' title='bbox 648 1774 814 1823; x_wconf 89' lang='lat' dir='ltr'>quarn</span> <span class='ocrx_word' id='word_1_167' title='bbox 857 1774 1026 1823; x_wconf 90' lang='lat' dir='ltr'>saepe</span> <span class='ocrx_word' id='word_1_168' title='bbox 1065 1761 1391 1824; x_wconf 83' lang='lat' dir='ltr'>usurpabas,</span> <span class='ocrx_word' id='word_1_169' title='bbox 1428 1762 1816 1825; x_wconf 88' lang='lat' dir='ltr'>tranquillitate</span> 
     </span>
     <span class='ocr_line' id='line_1_23' title="bbox 116 1835 1815 1899; baseline 0.002 -15"><span class='ocrx_word' id='word_1_170' title='bbox 116 1835 317 1898; x_wconf 87' lang='lat' dir='ltr'>degere</span> <span class='ocrx_word' id='word_1_171' title='bbox 358 1848 580 1885; x_wconf 92' lang='lat' dir='ltr'>omnem</span> <span class='ocrx_word' id='word_1_172' title='bbox 623 1840 858 1886; x_wconf 90' lang='lat' dir='ltr'>aetatem</span> <span class='ocrx_word' id='word_1_173' title='bbox 902 1836 1021 1886; x_wconf 89' lang='lat' dir='ltr'>sine</span> <span class='ocrx_word' id='word_1_174' title='bbox 1061 1835 1267 1894; x_wconf 89' lang='lat' dir='ltr'>dolore,</span> <span class='ocrx_word' id='word_1_175' title='bbox 1312 1836 1608 1899; x_wconf 91' lang='lat' dir='ltr'>adsumpto</span> <span class='ocrx_word' id='word_1_176' title='bbox 1651 1839 1815 1888; x_wconf 90' lang='lat' dir='ltr'>etiam</span> 
     </span>
     <span class='ocr_line' id='line_1_24' title="bbox 115 1909 1815 1973; baseline 0.002 -14"><span class='ocrx_word' id='word_1_177' title='bbox 115 1909 226 1970; x_wconf 92' lang='lat' dir='ltr'>illo,</span> <span class='ocrx_word' id='word_1_178' title='bbox 259 1909 411 1972; x_wconf 90' lang='lat' dir='ltr'>quod</span> <span class='ocrx_word' id='word_1_179' title='bbox 443 1923 547 1960; x_wconf 89' lang='lat' dir='ltr'>vos</span> <span class='ocrx_word' id='word_1_180' title='bbox 581 1909 805 1972; x_wconf 92' lang='lat' dir='ltr'>quidem</span> <span class='ocrx_word' id='word_1_181' title='bbox 839 1910 1141 1973; x_wconf 90' lang='lat' dir='ltr'>adiungere</span> <span class='ocrx_word' id='word_1_182' title='bbox 1174 1910 1378 1970; x_wconf 84' lang='lat' dir='ltr'>soletiS,</span> <span class='ocrx_word' id='word_1_183' title='bbox 1422 1911 1520 1962; x_wconf 88' lang='lat' dir='ltr'>sed</span> <span class='ocrx_word' id='word_1_184' title='bbox 1554 1911 1669 1962; x_wconf 80' lang='lat' dir='ltr'>fieri</span> <span class='ocrx_word' id='word_1_185' title='bbox 1701 1922 1815 1963; x_wconf 91' lang='lat' dir='ltr'>non</span> 
     </span>
     <span class='ocr_line' id='line_1_25' title="bbox 116 1983 1814 2049; baseline 0.001 -15"><span class='ocrx_word' id='word_1_186' title='bbox 116 1989 312 2046; x_wconf 92' lang='lat' dir='ltr'>potest,</span> <span class='ocrx_word' id='word_1_187' title='bbox 338 1985 457 2034; x_wconf 89' lang='lat' dir='ltr'>sine</span> <span class='ocrx_word' id='word_1_188' title='bbox 484 1983 689 2034; x_wconf 91' lang='lat' dir='ltr'>doloris</span> <span class='ocrx_word' id='word_1_189' title='bbox 715 1989 880 2043; x_wconf 92' lang='lat' dir='ltr'>metu,</span> <span class='ocrx_word' id='word_1_190' title='bbox 914 1998 1000 2042; x_wconf 90' lang='lat' dir='ltr'>an,</span> <span class='ocrx_word' id='word_1_191' title='bbox 1027 1998 1151 2035; x_wconf 93' lang='lat' dir='ltr'>curn</span> <span class='ocrx_word' id='word_1_192' title='bbox 1177 1985 1248 2035; x_wconf 94' lang='lat' dir='ltr'>de</span> <span class='ocrx_word' id='word_1_193' title='bbox 1273 1986 1531 2036; x_wconf 93' lang='lat' dir='ltr'>omnibus</span> <span class='ocrx_word' id='word_1_194' title='bbox 1557 1987 1814 2049; x_wconf 90' lang='lat' dir='ltr'>gentibus</span> 
     </span>
    </p>

    <p class='ocr_par' dir='ltr' id='par_1_5' title="bbox 44 2059 1904 2420">
     <span class='ocr_line' id='line_1_26' title="bbox 44 2059 1816 2124; baseline 0.005 -21"><span class='ocrx_word' id='word_1_195' title='bbox 44 2068 90 2103; x_wconf 89' lang='lat'>25</span> <span class='ocrx_word' id='word_1_196' title='bbox 114 2060 322 2120; x_wconf 92' lang='lat' dir='ltr'>optime</span> <span class='ocrx_word' id='word_1_197' title='bbox 365 2071 644 2117; x_wconf 91' lang='lat' dir='ltr'>mererere,</span> <span class='ocrx_word' id='word_1_198' title='bbox 690 2072 815 2108; x_wconf 92' lang='lat' dir='ltr'>cum</span> <span class='ocrx_word' id='word_1_199' title='bbox 849 2072 1014 2121; x_wconf 92' lang='lat' dir='ltr'>opem</span> <span class='ocrx_word' id='word_1_200' title='bbox 1054 2059 1428 2122; x_wconf 90' lang='lat' dir='ltr'>indigentibus</span> <span class='ocrx_word' id='word_1_201' title='bbox 1469 2060 1816 2124; x_wconf 88' lang='lat' dir='ltr'>salutemque</span> 
     </span>
     <span class='ocr_line' id='line_1_27' title="bbox 115 2131 1814 2196; baseline 0.002 -14"><span class='ocrx_word' id='word_1_202' title='bbox 115 2132 292 2191; x_wconf 83' lang='lat' dir='ltr'>ierreS,</span> <span class='ocrx_word' id='word_1_203' title='bbox 324 2131 414 2183; x_wconf 92' lang='lat' dir='ltr'>vel</span> <span class='ocrx_word' id='word_1_204' title='bbox 440 2131 687 2183; x_wconf 90' lang='lat' dir='ltr'>Herculis</span> <span class='ocrx_word' id='word_1_205' title='bbox 714 2134 921 2196; x_wconf 90' lang='lat' dir='ltr'>perpeti</span> <span class='ocrx_word' id='word_1_206' title='bbox 947 2146 1254 2186; x_wconf 78' lang='lat' dir='ltr'>aerumnas,</span> <span class='ocrx_word' id='word_1_207' title='bbox 1302 2136 1380 2185; x_wconf 90' lang='lat' dir='ltr'>sic</span> <span class='ocrx_word' id='word_1_208' title='bbox 1406 2136 1554 2185; x_wconf 91' lang='lat' dir='ltr'>enim</span> <span class='ocrx_word' id='word_1_209' title='bbox 1578 2137 1814 2186; x_wconf 88' lang='lat' dir='ltr'>maiores</span> 
     </span>
     <span class='ocr_line' id='line_1_28' title="bbox 112 2206 1814 2271; baseline 0.002 -14"><span class='ocrx_word' id='word_1_210' title='bbox 112 2208 282 2258; x_wconf 91' lang='lat' dir='ltr'>nostri</span> <span class='ocrx_word' id='word_1_211' title='bbox 323 2206 540 2257; x_wconf 91' lang='lat' dir='ltr'>labores</span> <span class='ocrx_word' id='word_1_212' title='bbox 580 2221 692 2257; x_wconf 94' lang='lat' dir='ltr'>non</span> <span class='ocrx_word' id='word_1_213' title='bbox 734 2207 1029 2271; x_wconf 77' lang='lat' dir='ltr'>fugiendos</span> <span class='ocrx_word' id='word_1_214' title='bbox 1068 2209 1375 2259; x_wconf 90' lang='lat' dir='ltr'>tristissimo</span> <span class='ocrx_word' id='word_1_215' title='bbox 1418 2210 1814 2262; x_wconf 82' lang='lat' dir='ltr'>tamenverbo</span> 
     </span>
     <span class='ocr_line' id='line_1_29' title="bbox 113 2281 1904 2336; baseline 0.001 -5"><span class='ocrx_word' id='word_1_216' title='bbox 113 2295 403 2331; x_wconf 87' lang='lat' dir='ltr'>aerumnas</span> <span class='ocrx_word' id='word_1_217' title='bbox 430 2282 594 2331; x_wconf 92' lang='lat' dir='ltr'>etiam</span> <span class='ocrx_word' id='word_1_218' title='bbox 628 2283 682 2331; x_wconf 93' lang='lat' dir='ltr'>in</span> <span class='ocrx_word' id='word_1_219' title='bbox 709 2281 816 2333; x_wconf 90' lang='lat' dir='ltr'>deo</span> <span class='ocrx_word' id='word_1_220' title='bbox 849 2283 1287 2334; x_wconf 85' lang='lat' dir='ltr'>nominaverunt.</span> <span class='ocrx_word' id='word_1_221' title='bbox 1351 2283 1602 2335; x_wconf 91' lang='lat' dir='ltr'>elicerem</span> <span class='ocrx_word' id='word_1_222' title='bbox 1638 2298 1704 2335; x_wconf 89' lang='lat' dir='ltr'>ex</span> <span class='ocrx_word' id='word_1_223' title='bbox 1738 2289 1791 2336; x_wconf 92' lang='lat' dir='ltr'>te</span> <span class='ocrx_word' id='word_1_224' title='bbox 1819 2291 1904 2333; x_wconf 50' lang='lat'>11⁴9</span> 
     </span>
     <span class='ocr_line' id='line_1_30' title="bbox 112 2356 1814 2420; baseline 0.002 -13"><span class='ocrx_word' id='word_1_225' title='bbox 112 2369 496 2420; x_wconf 86' lang='lat' dir='ltr'>cogeremque,</span> <span class='ocrx_word' id='word_1_226' title='bbox 531 2361 588 2405; x_wconf 89' lang='lat' dir='ltr'>ut</span> <span class='ocrx_word' id='word_1_227' title='bbox 620 2356 1000 2418; x_wconf 83' lang='lat' dir='ltr'>responderes,</span> <span class='ocrx_word' id='word_1_228' title='bbox 1036 2358 1151 2407; x_wconf 73' lang='lat' dir='ltr'>nisi-</span> <span class='ocrx_word' id='word_1_229' title='bbox 1172 2371 1386 2409; x_wconf 87' lang='lat' dir='ltr'>vererer</span> <span class='ocrx_word' id='word_1_230' title='bbox 1418 2373 1488 2409; x_wconf 93' lang='lat' dir='ltr'>ne</span> <span class='ocrx_word' id='word_1_231' title='bbox 1522 2358 1814 2410; x_wconf 91' lang='lat' dir='ltr'>Herculem</span> 
     </span>
    </p>
   </div>
   <div class='ocr_carea' id='block_1_3' title="bbox 106 2546 1812 3017">
    <p class='ocr_par' dir='ltr' id='par_1_6' title="bbox 106 2546 1812 3017">
     <span class='ocr_line' id='line_1_31' title="bbox 186 2546 1812 2598; baseline 0.004 -11"><span class='ocrx_word' id='word_1_232' title='bbox 186 2547 213 2587; x_wconf 88' lang='grc'>2</span> <span class='ocrx_word' id='word_1_233' title='bbox 247 2546 390 2589; x_wconf 84' lang='lat' dir='ltr'>fuisse</span> <span class='ocrx_word' id='word_1_234' title='bbox 423 2549 583 2598; x_wconf 86' lang='lat' dir='ltr'>populi</span> <span class='ocrx_word' id='word_1_235' title='bbox 615 2547 657 2587; x_wconf 89' lang='lat' dir='ltr'>A</span> <span class='ocrx_word' id='word_1_236' title='bbox 817 2547 844 2588; x_wconf 93' lang='lat'><strong>8</strong></span> <span class='ocrx_word' id='word_1_237' title='bbox 876 2550 1061 2590; x_wconf 90' lang='lat' dir='ltr'>vincula</span> <span class='ocrx_word' id='word_1_238' title='bbox 1091 2550 1225 2592; x_wconf 88' lang='lat' dir='ltr'>BEV</span> <span class='ocrx_word' id='word_1_239' title='bbox 1377 2551 1405 2591; x_wconf 82' lang='lat'>9</span> <span class='ocrx_word' id='word_1_240' title='bbox 1437 2556 1516 2592; x_wconf 89' lang='lat' dir='ltr'>tua</span> <span class='ocrx_word' id='word_1_241' title='bbox 1547 2563 1688 2593; x_wconf 89' lang='lat' dir='ltr'>causa</span> <span class='ocrx_word' id='word_1_242' title='bbox 1719 2552 1812 2593; x_wconf 88' lang='lat' dir='ltr'>NV</span> 
     </span>
     <span class='ocr_line' id='line_1_32' title="bbox 109 2605 1812 2653; baseline 0.004 -7"><span class='ocrx_word' id='word_1_243' title='bbox 109 2605 187 2647; x_wconf 72' lang='lat' dir='ltr'>tua</span> <span class='ocrx_word' id='word_1_244' title='bbox 219 2605 362 2647; x_wconf 64' lang='lat' dir='ltr'>causa</span> <span class='ocrx_word' id='word_1_245' title='bbox 387 2606 477 2648; x_wconf 87' lang='lat' dir='ltr'>AR</span> <span class='ocrx_word' id='word_1_246' title='bbox 508 2610 632 2648; x_wconf 91' lang='lat' dir='ltr'>tuam</span> <span class='ocrx_word' id='word_1_247' title='bbox 666 2618 853 2648; x_wconf 84' lang='lat' dir='ltr'>causam</span> <span class='ocrx_word' id='word_1_248' title='bbox 878 2607 962 2648; x_wconf 85' lang='lat' dir='ltr'>BE</span> <span class='ocrx_word' id='word_1_249' title='bbox 1078 2609 1128 2649; x_wconf 85' lang='lat'>11</span> <span class='ocrx_word' id='word_1_250' title='bbox 1166 2621 1251 2650; x_wconf 88' lang='lat' dir='ltr'>sua</span> <span class='ocrx_word' id='word_1_251' title='bbox 1282 2620 1426 2652; x_wconf 84' lang='lat' dir='ltr'>causa</span> <span class='ocrx_word' id='word_1_252' title='bbox 1449 2612 1812 2653; x_wconf 83' lang='lat' dir='ltr'>commodaverit</span> 
     </span>
     <span class='ocr_line' id='line_1_33' title="bbox 109 2662 1809 2718; baseline 0.004 -12"><span class='ocrx_word' id='word_1_253' title='bbox 109 2662 312 2714; x_wconf 90' lang='lat' dir='ltr'>(comod.</span> <span class='ocrx_word' id='word_1_254' title='bbox 344 2663 405 2718; x_wconf 91' lang='lat' dir='ltr'>N)</span> <span class='ocrx_word' id='word_1_255' title='bbox 437 2666 529 2708; x_wconf 89' lang='lat' dir='ltr'>NV</span> <span class='ocrx_word' id='word_1_256' title='bbox 561 2665 647 2708; x_wconf 72' lang='lat' dir='ltr'>sua</span> <span class='ocrx_word' id='word_1_257' title='bbox 678 2666 821 2708; x_wconf 66' lang='lat' dir='ltr'>causa</span> <span class='ocrx_word' id='word_1_258' title='bbox 854 2678 925 2709; x_wconf 90' lang='lat' dir='ltr'>co.</span> <span class='ocrx_word' id='word_1_259' title='bbox 951 2667 1041 2710; x_wconf 83' lang='lat' dir='ltr'>AB</span> <span class='ocrx_word' id='word_1_260' title='bbox 1072 2679 1202 2710; x_wconf 88' lang='lat' dir='ltr'>suam</span> <span class='ocrx_word' id='word_1_261' title='bbox 1235 2671 1598 2712; x_wconf 86' lang='lat' dir='ltr'>commodaverit</span> <span class='ocrx_word' id='word_1_262' title='bbox 1622 2681 1809 2712; x_wconf 86' lang='lat' dir='ltr'>causam</span> 
     </span>
     <span class='ocr_line' id='line_1_34' title="bbox 108 2724 1807 2779; baseline 0.004 -14"><span class='ocrx_word' id='word_1_263' title='bbox 108 2724 190 2766; x_wconf 90' lang='lat' dir='ltr'>BE</span> <span class='ocrx_word' id='word_1_264' title='bbox 321 2726 376 2766; x_wconf 86' lang='lat'>14</span> <span class='ocrx_word' id='word_1_265' title='bbox 408 2727 630 2767; x_wconf 86' lang='lat' dir='ltr'>honestas</span> <span class='ocrx_word' id='word_1_266' title='bbox 662 2738 812 2778; x_wconf 77' lang='lat' dir='ltr'>mat-y.</span> <span class='ocrx_word' id='word_1_267' title='bbox 846 2729 916 2768; x_wconf 83' lang='lat' dir='ltr'>ed.</span> <span class='ocrx_word' id='word_1_268' title='bbox 953 2726 1207 2770; x_wconf 79' lang='lat' dir='ltr'>Cratandr.</span> <span class='ocrx_word' id='word_1_269' title='bbox 1240 2729 1439 2771; x_wconf 90' lang='lat' dir='ltr'>honesta</span> <span class='ocrx_word' id='word_1_270' title='bbox 1471 2726 1539 2779; x_wconf 90' lang='grc' dir='ltr'>(ἰη</span> <span class='ocrx_word' id='word_1_271' title='bbox 1570 2730 1611 2771; x_wconf 85' lang='grc' dir='ltr'><strong>Ν</strong></span> <span class='ocrx_word' id='word_1_272' title='bbox 1634 2731 1698 2772; x_wconf 85' lang='lat' dir='ltr'>ab</span> <span class='ocrx_word' id='word_1_273' title='bbox 1722 2731 1807 2773; x_wconf 81' lang='lat' dir='ltr'>alt.</span> 
     </span>
     <span class='ocr_line' id='line_1_35' title="bbox 108 2783 1809 2839; baseline 0.004 -14"><span class='ocrx_word' id='word_1_274' title='bbox 108 2796 166 2825; x_wconf 91' lang='lat' dir='ltr'>m.</span> <span class='ocrx_word' id='word_1_275' title='bbox 193 2786 239 2825; x_wconf 81' lang='lat' dir='ltr'>in</span> <span class='ocrx_word' id='word_1_276' title='bbox 266 2797 415 2838; x_wconf 73' lang='lat' dir='ltr'>mary.</span> <span class='ocrx_word' id='word_1_277' title='bbox 438 2787 549 2827; x_wconf 84' lang='lat' dir='ltr'>add.</span> <span class='ocrx_word' id='word_1_278' title='bbox 577 2786 595 2825; x_wconf 73' lang='lat'>1¹</span> <span class='ocrx_word' id='word_1_279' title='bbox 618 2784 691 2835; x_wconf 92' lang='lat'>[=</span> <span class='ocrx_word' id='word_1_280' title='bbox 709 2783 801 2835; x_wconf 92' lang='lat' dir='ltr'>vel]</span> <span class='ocrx_word' id='word_1_281' title='bbox 827 2785 1105 2839; x_wconf 86' lang='lat' dir='ltr'>honestatis)</span> <span class='ocrx_word' id='word_1_282' title='bbox 1198 2788 1255 2829; x_wconf 83' lang='lat'>25</span> <span class='ocrx_word' id='word_1_283' title='bbox 1288 2800 1510 2831; x_wconf 89' lang='lat' dir='ltr'>mererere</span> <span class='ocrx_word' id='word_1_284' title='bbox 1535 2792 1637 2831; x_wconf 86' lang='lat' dir='ltr'>cod.</span> <span class='ocrx_word' id='word_1_285' title='bbox 1654 2790 1809 2831; x_wconf 80' lang='lat' dir='ltr'>Paris.</span> 
     </span>
     <span class='ocr_line' id='line_1_36' title="bbox 106 2843 1808 2900; baseline 0.004 -16"><span class='ocrx_word' id='word_1_286' title='bbox 106 2843 337 2895; x_wconf 72' lang='lat' dir='ltr'>Madviqti</span> <span class='ocrx_word' id='word_1_287' title='bbox 370 2855 542 2887; x_wconf 90' lang='lat' dir='ltr'>merere</span> <span class='ocrx_word' id='word_1_288' title='bbox 687 2845 744 2886; x_wconf 88' lang='grc'>27</span> <span class='ocrx_word' id='word_1_289' title='bbox 777 2845 1027 2896; x_wconf 73' lang='lat' dir='ltr'>fugiendos</span> <span class='ocrx_word' id='word_1_290' title='bbox 1058 2847 1196 2889; x_wconf 88' lang='lat' dir='ltr'>RNV</span> <span class='ocrx_word' id='word_1_291' title='bbox 1235 2847 1469 2899; x_wconf 77' lang='lat' dir='ltr'>figiendos</span> <span class='ocrx_word' id='word_1_292' title='bbox 1501 2848 1544 2890; x_wconf 91' lang='lat' dir='ltr'>A</span> <span class='ocrx_word' id='word_1_293' title='bbox 1583 2849 1808 2900; x_wconf 84' lang='lat' dir='ltr'>fingendo</span> 
     </span>
     <span class='ocr_line' id='line_1_37' title="bbox 108 2900 1807 2959; baseline 0.004 -15"><span class='ocrx_word' id='word_1_294' title='bbox 108 2902 198 2944; x_wconf 87' lang='lat' dir='ltr'>BE</span> <span class='ocrx_word' id='word_1_295' title='bbox 319 2904 376 2945; x_wconf 88' lang='grc'>28</span> <span class='ocrx_word' id='word_1_296' title='bbox 409 2904 630 2946; x_wconf 88' lang='lat' dir='ltr'>Elicerem</span> <span class='ocrx_word' id='word_1_297' title='bbox 663 2900 728 2945; x_wconf 76' lang='lat' dir='ltr'>N&#39;</span> <span class='ocrx_word' id='word_1_298' title='bbox 766 2905 984 2956; x_wconf 81' lang='lat' dir='ltr'>eligerem</span> <span class='ocrx_word' id='word_1_299' title='bbox 1017 2901 1287 2949; x_wconf 85' lang='lat' dir='ltr'><strong>ABERN²</strong></span> <span class='ocrx_word' id='word_1_300' title='bbox 1327 2909 1559 2959; x_wconf 88' lang='lat' dir='ltr'>exigerem</span> <span class='ocrx_word' id='word_1_301' title='bbox 1591 2909 1633 2950; x_wconf 91' lang='lat' dir='ltr'>V</span> <span class='ocrx_word' id='word_1_302' title='bbox 1666 2905 1807 2958; x_wconf 77' lang='lat' dir='ltr'>(idem</span> 
     </span>
     <span class='ocr_line' id='line_1_38' title="bbox 108 2963 1058 3017; baseline 0.004 -14"><span class='ocrx_word' id='word_1_303' title='bbox 108 2974 137 3004; x_wconf 87' lang='lat' dir='ltr'>a</span> <span class='ocrx_word' id='word_1_304' title='bbox 167 2965 344 3014; x_wconf 77' lang='lat' dir='ltr'>poster.</span> <span class='ocrx_word' id='word_1_305' title='bbox 371 2975 495 3006; x_wconf 86' lang='lat' dir='ltr'>man.</span> <span class='ocrx_word' id='word_1_306' title='bbox 522 2966 568 3005; x_wconf 84' lang='lat' dir='ltr'>in</span> <span class='ocrx_word' id='word_1_307' title='bbox 602 2976 751 3015; x_wconf 74' lang='lat' dir='ltr'>mary.</span> <span class='ocrx_word' id='word_1_308' title='bbox 778 2967 889 3006; x_wconf 84' lang='lat' dir='ltr'>add.</span> <span class='ocrx_word' id='word_1_309' title='bbox 917 2967 963 3007; x_wconf 81' lang='lat' dir='ltr'>in</span> <span class='ocrx_word' id='word_1_310' title='bbox 996 2963 1058 3017; x_wconf 93' lang='lat' dir='ltr'>N)</span> 
     </span>
    </p>
   </div>
  </div>
 </body>
</html>
