2046 3138
48 175 77 228 ξ
104 175 278 219 75-80
401 200 403 203 v
559 170 646 217 DE
677 170 931 218 FINIBUS
966 170 1114 218 BON.
1147 170 1227 218 ET
1259 169 1410 217 MAL.
1734 176 1836 227 155

140 309 273 360 dum
299 309 846 361 accommodatarum
875 306 978 375 <a>
1004 315 1202 361 natura
1230 308 1577 372 profectam?
1609 309 1684 360 ita
1710 322 1832 359 cum

138 398 205 435 ea
259 383 456 436 volunt
512 384 761 442 retinere,
819 397 961 447 quae
1018 384 1290 446 superiori
1343 383 1649 436 sententiae
1706 396 1833 434 con-

138 459 381 517 veniunt,
427 459 482 509 in
526 458 845 510 Aristonem
891 458 1164 515 incidunt;
1227 473 1350 509 cum
1389 457 1446 509 id
1492 457 1731 522 fugiunt,
1776 471 1833 509 re

0 589 1 599 ἶ
138 533 334 584 eadem
363 532 688 591 defendunt,
719 546 861 597 quae
890 533 1253 596 Peripatetici,
1283 532 1453 584 verba
1477 538 1663 584 tenent
1690 546 1834 583 mor-

93 607 312 659 5dicus.
366 621 508 671 quae
551 622 743 659 rursus
786 608 918 659 dum
963 609 1066 659 sibi
1099 611 1258 662 evelli
1298 625 1364 661 ex
1398 611 1589 662 ordine
1626 610 1834 668 nolunt,

137 682 476 734 horridiores
518 682 779 741 evadunt,
824 684 1151 746 asperiores,
1195 682 1448 734 duriores
1490 688 1545 734 et
1581 683 1833 734 oratione

138 762 192 808 et
220 757 484 808 moribus.
526 771 694 820 quam
723 757 945 808 illorum
976 758 1255 809 tristitiam
1281 762 1448 820 atque
1476 757 1833 820 asperitatem

137 830 359 895 fugiens
406 831 704 883 Panaetius
748 846 851 883 nec
892 832 1249 883 acerbitatem
1296 831 1692 883 sententiarum
1731 844 1834 882 nec
1869 833 1924 873 79

138 905 447 957 disserendi
498 907 688 970 spinas
739 906 997 970 probavit
1045 906 1261 970 fuitque
1309 906 1364 957 in
1408 906 1582 957 altero
1631 919 1832 970 genere

74 995 116 1031 10
137 980 337 1039 mitior,
385 981 439 1031 in
489 980 663 1032 altero
711 980 978 1032 illustrior
1025 994 1353 1044 semperque
1395 980 1589 1032 habuit
1635 981 1691 1031 in
1737 994 1832 1031 ore

137 1054 440 1113 Platonem,
498 1055 870 1114 Aristotelem,
931 1055 1312 1113 Xenocratem,
1372 1054 1832 1118 Theophrastum,

137 1128 551 1188 Dicaearchum,
578 1135 639 1181 ut
666 1130 844 1193 ipsius
873 1130 1078 1193 scripta
1107 1129 1404 1181 declarant.
1439 1143 1579 1193 quos
1607 1129 1830 1192 quidem

137 1203 234 1255 tibi
273 1204 523 1255 studiose
560 1210 614 1255 et
650 1204 944 1268 diligenter
979 1204 1301 1256 tractandos
1332 1217 1671 1268 magnopere
1709 1218 1832 1255 cen-

139 1292 249 1330 seo,
296 1277 405 1330 Sed
445 1279 707 1342 quoniam
742 1284 796 1330 et
831 1279 1249 1342 advesperascit
1277 1284 1333 1331 et
1366 1278 1500 1330 mihi
1535 1278 1607 1329 ad
1638 1278 1830 1329 villam

71 1369 114 1404 15
138 1353 526 1404 revertendum
568 1359 667 1412 est,
710 1367 858 1404 nunc
897 1353 1121 1417 quidem
1163 1353 1456 1410 hactenus;
1490 1367 1684 1404 verum
1726 1353 1833 1404 hoc
1865 1356 1922 1397 80

136 1427 284 1479 idem
317 1442 484 1491 saepe
517 1427 805 1479 faciamus

209 1502 327 1553 Nos
371 1516 521 1561 vero,
567 1503 746 1566 inquit
789 1502 905 1560 ille;
949 1516 1079 1553 nam
1121 1502 1254 1565 quid
1300 1516 1601 1566 possumus
1647 1502 1830 1554 facere

137 1576 375 1628 melius?
416 1582 470 1628 et
500 1577 643 1627 hanc
673 1577 896 1640 quidem
930 1577 1164 1640 primam
1190 1576 1412 1640 exigam
1442 1591 1476 1627 a
1505 1582 1558 1628 te
1586 1590 1830 1641 operam,

136 1656 196 1703 ut
237 1651 437 1702 audias
479 1665 567 1702 me
608 1665 751 1715 quae
792 1665 826 1702 a
861 1656 914 1702 te
956 1650 1104 1702 dicta
1145 1656 1274 1703 sunt
1310 1651 1671 1703 refellentem.
1729 1651 1827 1704 sed

70 1741 115 1776 zo
138 1731 414 1777 memento
449 1731 516 1784 te,
553 1739 696 1789 quae
728 1739 832 1778 nos
869 1726 1188 1784 sentiamus,
1217 1726 1405 1778 omnia
1439 1726 1689 1789 probare,
1723 1727 1830 1778 nisi

137 1800 285 1863 quod
315 1800 501 1852 verbis
531 1799 690 1851 aliter
717 1805 952 1858 utamur,
982 1799 1115 1850 mihi
1140 1805 1325 1851 autem
1353 1805 1666 1853 vestrorum
1693 1801 1829 1852 nihil

137 1874 375 1937 probari.

211 1948 559 2012 Scrupulum,
601 1949 842 2012 inquam,
885 1948 1136 2006 abeunti;
1177 1948 1276 2001 sed
1317 1948 1648 2002 videbimus.

209 2022 365 2078 Quae
401 2037 524 2073 cum
560 2028 747 2075 essent
781 2022 942 2081 dicta,
979 2022 1353 2075 discessimus

70 2298 115 2334 25
548 2275 634 2343 M.
667 2274 917 2342 TULLI
967 2273 1421 2343 CICERONIS

166 2381 282 2446 DE
330 2379 669 2446 FINIBUS
718 2378 1156 2447 BONORUM
1203 2379 1310 2447 ET
1352 2379 1796 2448 MALORUM

714 2524 910 2577 LIBER
945 2523 1256 2581 QUINTUS

211 2611 350 2663 Cum
386 2611 670 2664 audissem
707 2611 1058 2671 Antiochum,
1094 2611 1275 2671 Brute,
1314 2617 1373 2665 ut
1405 2612 1668 2672 solebam,
1706 2627 1829 2666 cum
1865 2594 1883 2642 ¹

140 2686 211 2737 M.
226 2686 427 2738 Pisone
458 2687 513 2738 in
546 2699 614 2738 eo
646 2686 956 2750 gymnasio,
990 2686 1140 2749 quod
1169 2686 1552 2740 Ptolomaeum
1583 2693 1830 2747 vocatur,
1868 2665 1887 2705 ¹

215 2836 235 2877 1
294 2836 694 2877 accomodatarum
750 2829 863 2877 N²v
918 2837 1270 2878 accomodarum
1318 2831 1430 2879 RN¹
1483 2839 1834 2880 accommodare

138 2895 219 2936 BE
332 2897 445 2937 add.
468 2896 518 2937 P.
536 2895 663 2936 Man.
789 2894 843 2936 16
874 2893 1014 2945 idem]
1050 2897 1236 2946 quidem
1268 2896 1360 2938 NV
1466 2897 1688 2939 faciamus
1719 2908 1834 2948 sepe

138 2954 220 2996 BE
295 2955 354 2996 20
384 2955 474 2996 nisi
498 2956 601 2998 cod.
617 2954 829 3007 Gtoqav„
852 2956 904 2997 P.
917 2955 1045 2997 Man.
1071 2957 1119 2997 ni
1142 2955 1276 2998 BEN
1301 2957 1348 2998 ln
1365 2956 1404 2999 R
1435 2957 1479 2998 vi
1503 2956 1545 2999 V
1621 2956 1678 2999 29
1702 2958 1833 2999 audl-

138 3014 311 3057 vissem
339 3013 422 3058 ER
539 3015 750 3057 solebam
787 3015 896 3059 Vict.
928 3015 1109 3057 solebat
