2046 3138
47 173 77 225 5
101 173 278 216 30-33
386 209 389 213 ,
556 166 642 213 DE
673 164 928 213 FINIBUS
960 163 1111 212 BON.
1143 163 1223 210 ET
1254 162 1407 209 MAL.
1730 167 1823 217 171

137 311 400 364 metuant,
445 318 515 373 ne
560 318 684 357 cum
730 303 924 355 dolore
967 303 1288 360 moriantur,
1335 300 1539 351 idcirco
1596 304 1829 350 mortem

138 381 382 445 fugiant;
419 380 475 430 in
514 379 703 443 parvis
740 379 886 430 enim
925 391 1107 441 saepe,
1148 377 1241 440 qui
1277 375 1413 427 nihil
1451 388 1643 426 eorum
1683 374 1832 436 cogi-

138 461 269 514 tant,
309 455 354 506 si
394 453 619 518 quando
657 452 724 504 iis
761 452 1018 503 ludentes
1055 451 1332 502 minamur
1369 449 1832 513 praecipitaturos

135 529 406 587 alicunde,
448 528 856 580 extimescunt.
948 526 1078 590 quin
1148 526 1315 576 etiam
1386 520 1588 582 ‘ferae’‚
1655 522 1833 585 inquit

91 622 114 657 5
143 604 434 662 Pacuvius,
498 599 716 665 ‘quibus
781 601 943 651 abest
1013 600 1086 651 ad
1163 598 1611 663 praecavendum
1673 596 1831 648 intel-

141 677 362 742 legendi
416 672 656 734 astuitia',
712 676 913 726 iniecto
971 680 1178 726 terrore
1219 674 1412 724 mortis
1456 667 1832 723 ‘horrescunt’.

142 754 265 816 quis
321 757 508 803 autem
569 750 638 801 de
681 750 806 813 ipso
852 749 1102 812 sapiente
1147 748 1307 799 aliter
1350 748 1644 804 existimat,
1686 746 1833 809 quin,
1867 758 1922 799 32

138 828 305 879 etiam
335 841 458 878 cum
489 826 794 877 decreverit
821 838 945 876 esse
972 823 1338 881 moriendum,
1369 828 1553 874 tamen
1583 821 1834 873 discessu

138 916 172 952 a
199 903 315 953 suis
343 907 510 965 atque
537 901 662 964 ipsa
686 898 1051 962 relinquenda
1079 898 1201 949 luce
1227 897 1557 948 moveatur?
1592 895 1834 946 maxime

74 994 117 1030 ιο
138 982 323 1028 autem
351 975 406 1027 in
433 975 540 1026 hoc
564 974 790 1038 quidem
814 986 1017 1038 genere
1043 972 1130 1023 vis
1156 977 1241 1023 est
1266 971 1562 1035 perspicua
1587 976 1833 1028 naturae,

140 1065 264 1103 cum
296 1056 351 1102 et
383 1050 794 1101 mendicitatem
827 1047 987 1099 multi
1019 1047 1415 1110 perpetiantur,
1449 1051 1510 1096 ut
1540 1045 1748 1102 vivant,
1778 1049 1836 1095 et

138 1131 415 1189 angantur
461 1123 1006 1188 adpropinquatione
1053 1122 1249 1173 mortis
1297 1120 1534 1171 confecti
1580 1119 1836 1170 homines

140 1205 420 1252 senectute
458 1205 513 1251 et
550 1213 619 1250 ea
655 1197 954 1262 perferant,
992 1210 1135 1260 quae
1174 1195 1537 1246 Philoctetam
1575 1194 1835 1245 videmus

139 1275 194 1325 in
221 1274 444 1326 fabulis.
485 1274 577 1337 qui
605 1287 729 1324 cum
757 1272 1092 1323 cruciaretur
1118 1285 1230 1321 non
1258 1269 1503 1321 ferendis
1531 1268 1834 1337 doloribus,

74 1368 117 1403 15
140 1349 490 1412 propagabat
528 1354 714 1400 tamen
753 1347 927 1398 vitam
966 1346 1223 1408 aucupio,
1261 1339 1608 1407 ‘sagittarum
1653 1338 1834 1409 (ictu)

140 1423 459 1487 configebat
510 1422 704 1474 tardus
759 1421 979 1479 celeres,
1033 1420 1187 1471 stans
1237 1415 1516 1477 volantis’,
1570 1423 1630 1469 ut
1681 1416 1834 1480 apud

139 1498 366 1549 Accium
391 1503 494 1556 est,
529 1500 947 1560 pennarumque
976 1500 1238 1546 contextu
1267 1494 1485 1556 corpori
1515 1497 1837 1556 tegumenta

139 1572 394 1625 faciebat.
442 1571 523 1623 De
559 1572 848 1624 hominurn
884 1583 1086 1634 genere
1121 1573 1219 1620 aut
1255 1569 1482 1620 omnino
1520 1567 1588 1618 de
1624 1566 1835 1617 anima·
1869 1577 1925 1620 33

139 1647 274 1698 lium
314 1647 528 1710 loquor,
568 1660 692 1697 cum
731 1645 991 1696 arborum
1031 1649 1085 1695 et
1125 1644 1380 1706 stirpium
1420 1642 1616 1693 eadem
1657 1654 1834 1705 paene

73 1743 118 1778 20
139 1729 339 1775 natura
373 1724 482 1775 sit?
529 1723 648 1774 sive
681 1723 843 1781 enim,
877 1726 938 1772 ut
975 1720 1313 1772 doctissimis
1347 1718 1482 1770 viris
1515 1718 1699 1769 visum
1735 1722 1834 1776 est,

140 1799 317 1850 maior
349 1797 538 1862 aliqua
572 1811 742 1848 causa
773 1801 940 1859 atque
974 1795 1215 1845 divinior
1248 1794 1392 1844 hanc
1421 1793 1535 1843 vim
1569 1793 1834 1857 ingenuit,

143 1873 259 1924 sive
287 1873 395 1924 hoc
423 1873 502 1924 ita
529 1872 597 1923 fit
624 1870 873 1929 fortuito,
902 1869 1160 1921 videmus
1189 1883 1269 1927 ea,
1299 1882 1442 1931 quae
1472 1873 1618 1919 terra
1641 1867 1835 1931 gignit,

142 1947 438 1999 corticibus
476 1951 531 1998 et
568 1945 848 1997 radicibus
884 1943 1076 1996 valida
1105 1943 1338 2002 servari,
1375 1942 1528 2006 quod
1567 1941 1837 2005 contingit

142 2021 477 2072 animalibus
529 2034 794 2073 sensuum
848 2018 1238 2071 distributione
1289 2022 1344 2068 et
1393 2016 1636 2080 quadam
1690 2029 1837 2067 com-

77 2117 122 2152 25
143 2097 399 2160 pactione
435 2095 826 2146 membrorum.
876 2093 1000 2150 Qua
1036 2092 1261 2156 quidem
1297 2091 1367 2143 de
1405 2104 1463 2143 re
1500 2104 1837 2154 quamquam

145 2171 419 2223 assentior
474 2171 558 2228 iis,
615 2168 708 2232 qui
763 2169 902 2219 haec
954 2168 1142 2218 omnia
1198 2166 1315 2230 regi
1369 2171 1570 2217 natura
1624 2170 1838 2228 putant,

145 2259 287 2310 quae
324 2245 372 2297 si
407 2250 608 2311 natura
641 2242 917 2307 neglegat,
953 2243 1078 2306 ipsa
1113 2254 1238 2293 esse
1272 2254 1385 2293 non
1422 2241 1616 2304 possit,
1653 2245 1837 2291 tamen

146 2319 409 2378 concedo,
442 2323 517 2377 ut,
557 2318 650 2382 qui
687 2317 758 2369 de
791 2317 899 2368 hoc
934 2316 1284 2374 dissentiunt,
1320 2315 1651 2373 existiment,
1688 2313 1838 2378 quod

145 2394 333 2452 velint,
367 2407 434 2445 ac
466 2392 557 2444 vel
591 2393 699 2443 hoc
730 2391 1070 2455 intellegant,
1108 2391 1153 2442 si
1190 2389 1415 2454 quando
1449 2394 1705 2441 naturam
1742 2388 1840 2439 ho-

80 2469 312 2527 sominis
366 2468 562 2526 dicam,
615 2467 895 2518 hominem
952 2465 1132 2515 dicere
1184 2477 1297 2521 me;
1350 2463 1486 2514 nihil
1542 2463 1687 2514 enim
1735 2462 1843 2513 hoc

148 2542 356 2594 differt.
409 2556 540 2593 nam
596 2542 750 2606 prius
804 2555 838 2591 a
892 2554 951 2592 se
1007 2539 1210 2603 poterit
1264 2539 1498 2602 quisque
1554 2537 1839 2589 discedere

149 2631 314 2681 quam
356 2617 666 2680 appetitum
709 2629 899 2667 earum
939 2627 1138 2673 rerum,
1180 2627 1320 2677 quae
1365 2613 1469 2664 sibi
1511 2612 1840 2670 conducant,

147 2693 415 2743 amittere.
471 2691 590 2742 iure
646 2690 815 2754 igitur
870 2689 1186 2752 gravissimi
1243 2687 1563 2751 philosophi
1623 2687 1839 2738 initium

149 2766 351 2818 summi
391 2764 524 2816 boni
566 2778 601 2815 a
639 2769 840 2816 natura
879 2764 1194 2827 petiverunt
1235 2767 1289 2814 et
1329 2761 1486 2812 illurn
1527 2761 1839 2825 appetitum

225 2894 253 2935 4
270 2895 484 2936 alicunde
501 2897 606 2937 edd.
623 2893 811 2934 aliunde
880 2892 908 2933 6
926 2892 1092 2933 astutia
1110 2885 1224 2933 N²v
1240 2891 1432 2931 astutias
1508 2889 1562 2930 15
1579 2889 1844 2940 sagittarum

152 2966 242 2996 om.
266 2953 353 2996 BE
413 2954 506 2996 ictu
530 2956 642 2997 add.
668 2952 739 2995 Se.
806 2952 858 2994 17
884 2953 1061 2994 accium
1079 2951 1117 2993 R
1142 2951 1310 2993 actium
1373 2950 1430 2991 22
1455 2950 1641 2992 fortuitu
1657 2947 1787 2989 BER

151 3013 362 3056 videmus
384 3014 427 3056 N
434 3007 450 3033 ²
472 3015 713 3057 videamus
788 3011 846 3054 29
871 3011 1060 3063 quando
1085 3012 1200 3054 dett.
1226 3011 1339 3062 quid
1361 3010 1444 3052 BE
1467 3008 1561 3061 qua
1584 3009 1622 3051 R
1647 3005 1741 3061 ᾳῐιῖι
1755 3007 1848 3049 NV
