2046 3138
0 348 8 518 l

49 114 78 166 ξ
102 116 274 158 86-91
558 110 644 156 DE
678 109 931 157 FINIBUS
965 108 1116 156 BON.
1150 110 1228 155 ET
1261 109 1413 156 MAL.
1771 118 1839 169 73

139 254 184 303 si
218 254 537 304 aeternitate
570 266 683 303 non
707 251 976 302 vincitur?
1032 252 1086 300 in
1121 265 1231 314 qua
1258 252 1389 314 quid
1417 256 1499 302 est
1524 252 1655 302 boni
1690 266 1843 315 prae-

139 333 217 378 ter
258 341 531 378 summam
572 326 929 389 voluptatem,
975 330 1028 375 et
1069 339 1191 376 eam
1226 327 1653 389 sempiternam?
1708 327 1841 389 quid

140 416 271 466 ergo
305 403 497 453 attinet
529 401 769 465 gloriose
802 399 969 463 loqui,
1003 401 1106 450 nisi
1134 405 1445 451 constanter
1471 401 1736 464 loquare?
1782 401 1841 451 In

138 477 424 539 voluptate
465 477 705 539 corporis
740 500 809 507 —
843 474 1062 533 addam,
1107 476 1152 525 si
1194 476 1293 534 viS,
1338 470 1560 535 ‘animi',
1602 476 1734 526 dum
1776 488 1844 527 ea

91 562 115 596 5
139 553 274 614 ipsa,
308 556 367 602 ut
397 551 579 610 vultiS,
613 551 681 601 sit
714 564 744 600 e
777 563 1005 612 corpore
1038 574 1108 582 —
1143 551 1306 600 situm
1342 555 1424 600 est
1446 552 1632 601 vivere
1666 551 1842 602 beate.

139 623 323 680 Quid?
370 627 530 676 istam
559 624 912 687 -voluptatem
947 629 1268 687 perpetuam
1311 626 1434 688 quis
1477 630 1659 687 potest
1690 639 1844 688 prae-

138 705 280 751 stare
305 702 578 763 sapienti?
625 713 753 749 nam
781 699 981 762 quibus
999 699 1162 750 rebus
1190 699 1496 750 efficiuntur
1512 700 1842 763 voluptateS,

139 788 238 825 eae
270 789 383 826 non
418 780 544 825 sunt
576 776 631 824 in
666 778 938 837 potestate
971 775 1249 836 sapientis.
1304 788 1417 825 non
1453 776 1598 825 enim
1633 776 1686 824 in
1721 776 1843 837 ipsa
1896 781 1901 787 ·

137 850 409 912 sapientia
453 851 694 912 positum
741 853 823 899 est
866 849 1089 899 beatum
1135 863 1272 908 esse,
1318 849 1417 900 sed
1458 850 1512 899 in
1553 850 1619 899 iis
1663 849 1842 908 rebuS,

0 959 2 995 ss
74 933 118 968 10
142 938 280 986 quas
314 925 586 987 sapientia
619 928 900 986 comparat
931 923 1002 973 ad
1034 923 1392 986 voluptatem.
1446 928 1622 975 totum
1656 929 1841 974 autem

137 998 192 1048 id
227 1003 509 1049 externum
545 1003 640 1056 est,
676 1003 728 1048 et
761 998 912 1061 quod
947 1002 1245 1057 externum,
1278 999 1333 1048 id
1367 1000 1422 1048 in
1449 1013 1579 1049 casu
1615 1003 1710 1049 est.
1767 1000 1842 1049 ita

138 1072 197 1123 fit
230 1073 426 1124 beatae
457 1075 605 1123 vitae
631 1073 858 1123 domina
882 1072 1112 1132 fortuna,
1146 1087 1313 1136 quam
1338 1073 1601 1136 Epicurus
1634 1075 1709 1124 ait
1734 1075 1843 1124 exi-

136 1161 303 1211 guam
337 1149 662 1198 intervenire
695 1148 944 1210 sapienti.
1860 1169 1931 1220 28

209 1221 346 1285 Age,
379 1224 612 1285 inquieS,
645 1223 749 1272 ista
782 1235 952 1284 parva
985 1227 1125 1272 sunt.
1190 1221 1508 1285 Sapientem
1543 1223 1843 1285 locupletat
1873 1241 1932 1283 90

55 1305 113 1340 *15
138 1297 260 1359 ipsa
291 1302 499 1356 natura,
543 1298 697 1347 cuius
732 1296 950 1346 divitias
984 1296 1246 1359 Epicurus
1281 1297 1553 1359 parabiles
1588 1311 1711 1348 esse
1745 1298 1841 1350 do·
1898 1351 1901 1355 ,

136 1372 263 1422 cuit.
320 1371 472 1422 Haec
503 1371 646 1423 bene
681 1371 946 1430 dicuntur,
990 1385 1094 1422 nec
1127 1385 1232 1435 ego
1266 1385 1532 1435 repugno,
1572 1373 1670 1422 sed
1705 1373 1843 1424 inter

135 1460 259 1496 sese
291 1448 413 1509 ipsa
445 1451 708 1510 pugnant.
742 1450 910 1510 negat
941 1447 1087 1496 enim
1121 1447 1446 1498 tenuissimo
1472 1448 1635 1506 victu,
1669 1447 1724 1497 id
1759 1453 1841 1499 est

136 1522 621 1584 contemptissimis
657 1522 796 1571 escis
831 1525 884 1571 et
917 1521 1251 1583 potionibus,
1286 1522 1555 1572 minorem
1587 1522 1842 1585 volupta-

136 1599 246 1645 tem
281 1597 485 1658 percipi
520 1609 686 1658 quam
720 1596 883 1646 rebus
918 1596 1357 1658 exquisitissimis
1388 1596 1458 1646 ad
1486 1596 1840 1659 epulandum.

66 1677 112 1713 20
136 1669 263 1719 huic
296 1683 418 1734 ego,
465 1671 509 1720 si
555 1675 781 1733 negaret
822 1671 1119 1732 quicquam
1161 1671 1424 1721 interesse
1457 1671 1528 1721 ad
1570 1671 1730 1722 beate
1761 1674 1840 1723 vi-

134 1744 379 1794 vendum
433 1744 581 1808 quali
628 1749 866 1795 uteretur
908 1745 1071 1803 victu,
1124 1745 1500 1805 concederem,
1556 1746 1839 1798 laudarem

137 1820 326 1877 etiam;
357 1834 550 1870 verum
578 1821 723 1870 enirn
751 1819 968 1878 diceret,
1001 1819 1169 1882 idque
1196 1818 1492 1879 Socratem,
1525 1822 1619 1883 qui
1643 1821 1840 1885 volup-

135 1898 302 1944 tatem
336 1894 488 1945 nullo
524 1894 647 1945 loco
682 1898 946 1952 numerat,
986 1894 1153 1945 audio
1189 1894 1478 1954 dicentem,
1513 1895 1618 1946 cibi
1653 1897 1840 1947 condi-

135 1973 382 2018 mentum
417 1983 540 2019 esse
566 1969 784 2027 famem,
819 1969 1060 2031 potionis
1087 1970 1246 2020 sitim.
1303 1970 1401 2020 sed
1429 1971 1522 2033 qui
1548 1970 1618 2020 ad
1643 1970 1840 2034 volup-

66 2047 303 2093 25tatem
349 2045 538 2094 omnia
577 2043 814 2094 referens
857 2044 993 2093 vivit
1040 2048 1098 2093 ut
1143 2042 1446 2103 GalloniUS,
1497 2044 1736 2108 loquitur
1780 2050 1839 2096 ut

134 2116 294 2180 Frugi
327 2117 418 2168 ille
450 2117 591 2176 Piso,
631 2132 744 2168 non
779 2117 946 2168 audio
979 2132 1082 2168 nec
1123 2132 1265 2177 eum,
1313 2119 1465 2182 quod
1506 2121 1718 2179 sentiat,
1759 2120 1838 2170 di-

134 2205 255 2242 cere
297 2193 564 2243 existimo.
635 2191 910 2242 naturales
951 2192 1169 2242 divitias
1210 2193 1345 2243 dixit
1385 2193 1656 2256 parabiles
1698 2208 1836 2254 esse,
1869 2198 1922 2240 91

134 2266 284 2328 quod
318 2281 488 2329 parvo
536 2272 681 2318 esset
720 2271 913 2317 natura
955 2271 1226 2318 contenta.
1284 2266 1454 2327 Certe,
1498 2270 1603 2319 nisi
1641 2269 1837 2333 volup-

133 2345 300 2391 tatem
341 2343 475 2392 tanti
517 2342 891 2392 aestimaretis,
947 2341 1072 2392 Non
1114 2343 1305 2401 minor,
1346 2344 1537 2406 inquit,
1576 2343 1835 2407 voluptas

63 2423 110 2459 30
134 2417 424 2478 percipitur
468 2430 535 2467 ex
567 2416 847 2466 vilissimis
891 2415 1054 2466 rebus
1095 2430 1263 2479 quam
1305 2431 1371 2468 ex
1412 2419 1835 2480 pretiosissimis,

133 2488 253 2539 Hoc
298 2495 380 2540 est
423 2505 535 2541 non
581 2491 751 2541 modo
795 2504 886 2541 cor
925 2504 1039 2541 non
1081 2490 1298 2550 habere,
1340 2492 1438 2542 sed
1479 2507 1549 2543 ne
1590 2493 1834 2555 palatum

133 2563 373 2625 quidem.
437 2567 530 2627 qui
572 2566 717 2615 enim
751 2564 1094 2627 voluptatem
1133 2567 1312 2628 ipsam
1355 2572 1728 2626 contemnunt,
1769 2569 1834 2618 iis

205 2711 232 2751 5
272 2722 299 2752 e
339 2710 425 2752 BE
466 2715 512 2752 et
700 2711 726 2751 8
768 2723 853 2753 eae
885 2712 1009 2752 Mdv.
1058 2712 1147 2753 hae
1187 2711 1230 2752 A
1276 2713 1366 2754 hee
1405 2712 1546 2754 BEV
1590 2713 1650 2754 he
1688 2712 1749 2760 R,
1792 2713 1834 2754 N

131 2766 213 2819 (ab
249 2772 334 2812 alt.
368 2783 426 2812 m.
461 2773 509 2812 ἱη
543 2768 659 2821 ras.)
813 2772 860 2811 in
898 2774 1129 2821 potestate
1168 2774 1275 2812 sunt
1312 2771 1396 2812 BE
1435 2769 1502 2821 (in
1542 2783 1631 2813 om.
1664 2767 1750 2823 A¹)

133 2828 187 2869 12
220 2826 299 2879 ait]
329 2842 377 2882 p.
402 2836 467 2880 27,
495 2836 546 2871 17
567 2843 636 2882 sq.
767 2830 822 2870 15
856 2827 1029 2879 docuit]
1067 2843 1115 2882 ρ.
1140 2835 1206 2881 20,
1229 2835 1283 2872 20
1305 2843 1375 2883 sq.
1499 2831 1554 2873 32
1597 2832 1675 2882 qui
1708 2833 1831 2874 enim

221 2892 508 2940 anteponere
539 2890 659 2931 Non.
689 2902 737 2941 ρ.
762 2894 841 2931 550
984 2890 1248 2940 voluptates
1280 2891 1406 2941 ipsas
1437 2890 1557 2933 Non.
1704 2893 1760 2933 iis
1791 2891 1833 2933 V

130 2948 199 2988 eis
229 2947 349 2990 Non.
382 2950 420 2990 is
454 2944 518 2990 Α1
550 2950 622 2990 his
655 2943 858 2990 A²BER
890 2950 978 2990 illis
1010 2950 1051 2990 N
