2046 3138
190 153 262 204 46
616 144 702 190 DE
734 142 988 190 Fmrssus
1021 141 1171 190 BON.
1204 142 1282 188 ET
1315 141 1467 188 MAL.
1611 148 1969 190 munao-10

189 289 463 339 interitum
496 286 685 336 afferat
718 284 1012 347 pravitatiS,
1054 283 1262 334 sed'sit
1302 289 1559 334 contenta
1598 284 1881 335 mediocri-

188 368 297 412 tate
329 361 622 412 vitiorum?
679 373 1016 422 quamquam
1050 359 1104 408 in
1138 358 1241 408 hac
1266 358 1539 409 divisione
1564 372 1676 408 rem
1703 360 1879 422 ipsam

190 451 408 499 prorsus
443 436 633 498 probo,
667 434 996 497 elegantiam
1031 432 1299 484 desidem.
1356 432 1596 495 appellet
1621 433 1757 483 haec
1790 434 1881 483 de-

189 511 389 561 sideria
420 515 661 568 naturae,
695 508 1007 571 cupiditatis
1039 521 1244 558 nomen
1278 512 1456 557 servet
1488 507 1612 566 alio,
1652 513 1711 557 ut
1743 521 1880 566 eam,

190 600 313 635 cum
348 585 416 635 de
451 585 692 642 avaritia,
727 597 850 632 cum
885 582 954 632 de
988 583 1420 645 intemperantia,
1454 596 1577 631 cum
1612 581 1681 632 de
1714 584 1881 631 maxi·
1927 593 1950 626 5

189 661 291 709 mis
323 660 469 710 vitiis
502 658 769 722 loquetur,
802 662 1083 720 tamquam
1118 657 1309 719 capitis
1343 662 1575 707 accuset.
1662 670 1668 676 ·

100 752 155 792 28
263 733 372 784 Sed
407 734 545 784 haec
578 733 801 796 quidem
835 731 1056 781 liberius
1091 731 1160 781 ab
1188 745 1254 782 eo
1282 731 1532 781 dicuntur
1566 736 1618 781 et
1643 732 1878 794 saepius,

188 809 338 872 quod
373 808 630 871 equidem
671 821 783 857 non
823 805 1188 868 reprehendo;
1230 811 1311 856 est
1352 806 1497 856 enim
1538 806 1672 855 tanti
1706 805 1880 868 philo-

188 883 349 946 sophi
381 888 604 946 tamque
644 881 845 932 nobilis
885 880 1143 931 audacter
1183 894 1284 930 sua
1310 880 1533 933 ,decreta
1572 879 1878 931 defendere.

188 958 285 1009 sed
319 963 503 1008 tamen
538 971 604 1007 ex
638 971 720 1015 eo,
755 956 906 1019 quod
941 969 1062 1005 eam
1094 954 1451 1017 voluptatem,
1485 968 1651 1018 quam
1686 969 1879 1005 omnes
1908 964 1949 999 10

187 1037 380 1096 gentes
413 1032 519 1082 hoc
551 1032 776 1081 nomine
809 1029 1103 1094 appellant,
1134 1029 1350 1080 videtur
1382 1029 1680 1092 amplexari
1714 1043 1881 1091 saepe

187 1107 586 1165 vehementiuS,
620 1107 674 1155 in
700 1107 916 1169 magnis
943 1104 1214 1154 interdum
1240 1109 1485 1154 versatur
1509 1105 1790 1167 angustiiS,
1824 1110 1882 1154 ut

187 1183 472 1233 hominum
507 1181 843 1231 conscientia
874 1184 1084 1230 remota
1116 1179 1249 1228 nihil
1283 1184 1394 1229 tam
1427 1183 1583 1241 turpe
1616 1180 1697 1237 sit,
1731 1178 1880 1241 quod

185 1256 483 1319 voluptatis
529 1269 695 1306 causa
738 1262 855 1306 non*
893 1254 1144 1304 videatur
1185 1267 1306 1304 esse
1350 1253 1603 1303 facturus,
1666 1252 1881 1311 deinde,

186 1332 280 1381 ubi
315 1331 528 1381 erubuit
562 1354 631 1361 -
661 1332 745 1380 vis
780 1330 926 1380 enim
953 1333 1034 1379 est
1060 1342 1360 1392 permagna
1384 1333 1609 1378 naturae
1635 1352 1720 1386 —-,
1755 1341 1880 1378 con·
1907 1336 1949 1371 15

186 1406 322 1469 fugit
359 1405 500 1464 illuc,
542 1410 600 1454 ut
640 1410 805 1468 neget
845 1403 1105 1454 accedere
1140 1404 1435 1466 quicquam
1476 1416 1642 1465 posse
1683 1402 1752 1452 ad
1785 1416 1882 1452 vo-

186 1481 450 1543 luptatem
484 1479 618 1529 nihil
653 1479 904 1531 dolentis,
954 1482 1008 1527 at
1041 1478 1142 1527 iste
1174 1492 1287 1528 non
1313 1477 1538 1528 dolendi
1570 1482 1743 1527 status
1769 1491 1880 1528 non

184 1560 410 1605 vocatur
451 1554 724 1618 voluptas
792 1549 936 1604 ‘Non
981 1547 1208 1611 laboro',
1254 1553 1442 1615 inquit,
1489 1546 1578 1601 ‘de
1621 1546 1881 1602 nomine'.

187 1628 347 1688 Quid,
389 1629 540 1692 quod
584 1644 669 1680 res
715 1628 824 1679 alia
854 1633 970 1679 tota
1003 1627 1120 1677 est?
1185 1622 1491 1689 ‘Reperiam
1531 1626 1748 1684 multos
1791 1625 1880 1676 vel

186 1703 596 1754 innumerabilis
638 1704 836 1767 potiUS,
880 1716 993 1753 non
1037 1706 1148 1751 tam
1184 1702 1429 1751 curiosos
1470 1714 1572 1750 nec
1611 1706 1722 1750 tam
1765 1715 1879 1750 mo·
1903 1710 1948 1744 20

186 1779 368 1837 lestOS,
410 1793 576 1842 quam
608 1793 711 1829 vos
746 1779 889 1836 estiS,
931 1776 1145 1840 quibus
1188 1776 1319 1838 quid
1351 1775 1533 1834 velim,
1574 1775 1731 1825 facile
1764 1789 1880 1837 per-

187 1848 486 1903 suadeam.'
552 1851 698 1908 Quid
733 1866 862 1915 ergo
897 1851 1227 1909 dubitamus
1269 1851 1416 1912 quin,
1457 1850 1502 1899 si
1542 1864 1653 1900 non
1695 1849 1880 1900 dolere

184 1927 442 1990 voluptas
487 1927 555 1977 sit
595 1940 825 1985 summa,
873 1940 985 1976 non
1028 1939 1150 1975 esse
1195 1926 1248 1974 in
1288 1924 1572 1986 voluptate
1617 1923 1773 1974 dolor
1813 1924 1880 1973 sit
1924 1925 1926 1927 ’

186 2003 513 2052 maximus?
543 1997 635 2051 cu'r
667 2002 721 2051 id
755 2015 867 2051 non
901 2002 976 2050 ita
1007 1999 1102 2050 fit?
1152 1994 1316 2054 ‘Quia
1349 1998 1524 2049 dolori
1550 2012 1661 2048 non
1686 1997 1880 2060 volup-

103 2082 269 2166 lotas
304 2078 571 2127 contraria
605 2081 699 2135 est,
733 2075 831 2126 sed
866 2075 1071 2126 doloris
1105 2068 1370 2136 privati0.'
1902 2083 1947 2117 25

97 2189 153 2228 29
261 2150 380 2202 Hoc
411 2165 543 2202 vero
584 2165 696 2201 non
728 2150 930 2208 videre,
975 2150 1216 2199 maximo
1258 2153 1580 2211 argumento
1624 2161 1745 2197 esse
1784 2161 1880 2197 vo-

186 2225 451 2288 luptatem
485 2225 648 2285 illam,
695 2239 805 2288 qua
850 2224 1066 2274 sublata
1106 2228 1271 2286 neget
1311 2236 1370 2272 se
1411 2222 1726 2285 intellegere
1768 2235 1881 2271 om-

186 2300 316 2350 nino
359 2300 490 2363 quid
532 2301 600 2351 sit
646 2300 854 2350 bonum
897 2324 965 2330 —
1009 2312 1130 2349 eam
1174 2302 1356 2348 autem
1398 2298 1472 2346 ita
1520 2296 1879 2359 persequitur:

188 2388 330 2436 quae
374 2374 559 2436 palato
613 2374 952 2436 percipiatur,
1005 2387 1147 2436 quae
1195 2371 1439 2429 auribus;
1490 2375 1667 2421 cetera
1714 2369 1879 2428 addit,

187 2462 330 2510 quae
371 2449 416 2498 si
456 2448 717 2510 appelles,
758 2448 937 2498 honos
980 2446 1308 2510 praefandus
1353 2447 1422 2495 sit
1454 2470 1523 2477 —
1558 2445 1663 2495 hoc
1703 2445 1877 2507 igitur,
1902 2454 1947 2488 3ο

262 2566 288 2606 2
322 2576 415 2607 rem
448 2566 595 2615 ipsam
636 2562 729 2615 (ips
769 2567 816 2606 in
850 2562 965 2616 ras.)
998 2565 1039 2605 N
1083 2565 1318 2606 remissam
1350 2562 1529 2604 BERV
1560 2563 1876 2604 remissionem

186 2625 228 2665 A
363 2625 390 2666 3
424 2626 614 2675 probam
647 2619 712 2665 Α1
744 2626 940 2675 reprobo
973 2618 1039 2665 Α2
1172 2624 1196 2664 7
1230 2623 1415 2673 quidem
1448 2622 1538 2663 VN
1547 2615 1563 2640 ²
1594 2632 1713 2671 quae
1746 2617 1876 2671 (que)

263 2684 313 2725 11
349 2684 671 2726 vehementius
702 2695 817 2733 sepe
848 2684 931 2724 BE
1055 2684 1110 2724 14
1143 2683 1312 2724 deinde
1337 2683 1459 2724 enim
1494 2682 1574 2722 ubi
1600 2681 1778 2722 erubuit
1809 2681 1877 2720 vis

187 2747 257 2784 est
287 2743 369 2784 BE
492 2743 547 2784 15
579 2740 802 2794 confugit]
837 2754 939 2783 cum
973 2743 1089 2793 fugit
1119 2742 1210 2783 NV
1342 2741 1396 2781 19
1428 2741 1683 2791 repperiam
1716 2739 1758 2779 A

188 2802 239 2843 21
277 2804 388 2853 quid
419 2802 491 2844 Se.
524 2803 718 2853 quiquid
750 2802 787 2843 Β
822 2803 1042 2852 quicquid
1074 2801 1256 2842 AERN
1289 2800 1500 2851 quitquid
1530 2799 1573 2841 V
1693 2798 1749 2838 24
1782 2809 1876 2838 non

188 2863 234 2902 id
266 2861 308 2903 A
466 2862 522 2903 27
554 2859 695 2911 illam]
735 2861 874 2902 ullam
906 2855 1021 2903 RN‘
1179 2864 1338 2911 neget,
1379 2859 1437 2899 29
1469 2856 1611 2908 addit]
1653 2858 1709 2908 cf.
1738 2870 1786 2909 p.
1810 2862 1876 2906 34,

185 2925 238 2962 30
253 2933 354 2972 sqq.
468 2921 526 2962 28
558 2932 808 2971 persequer
829 2920 915 2961 BE
948 2931 1196 2970 persequar
1219 2919 1257 2960 R
1371 2918 1428 2959 30
1461 2917 1763 2967 praestandus
1787 2916 1877 2957 NV

188 2980 455 3030 prefraudus
486 2981 521 3020 E
562 2980 828 3031 perfraudus
860 2980 896 3020 B
