2046 3138
45 147 73 199 ς
102 147 275 192 18—22
438 116 441 119 “
553 138 639 188 DE
671 139 925 188 FINIBUS
959 139 1108 187 BON.
1143 136 1221 185 ΕΤ
1254 136 1406 185 MAL.
1730 144 1832 197 129

137 286 318 336 tenda.
383 296 450 335 ea
482 284 722 347 denique
755 284 906 334 omni
938 284 1066 341 vita,
1100 295 1242 346 quae
1270 283 1324 331 in
1350 293 1461 331 una
1484 282 1680 331 virtute
1707 294 1834 331 con-

137 362 363 418 sisteret,
412 359 560 409 illam
599 360 784 417 vitam,
834 371 977 421 quae
1026 358 1190 407 etiam
1235 356 1425 406 ceteris
1466 356 1642 414 rebus,
1691 368 1834 418 quae

139 439 323 485 essent
355 433 660 484 secundum
694 438 956 491 naturam,
1002 431 1319 490 abundaret,
1361 432 1537 494 magis
1579 435 1836 493 expeten-

139 510 267 559 dam
308 523 421 560 non
462 522 598 559 esse.
671 508 768 558 sed
810 508 986 571 magis
1027 506 1370 556 sumendam.
1434 518 1670 568 cumque
1714 507 1836 568 ipsa

91 595 114 630 5
138 586 307 634 virtus
349 583 548 634 efficiat
587 584 662 633 ita
709 583 927 632 beatam
967 579 1151 640 vitam,
1201 586 1259 631 ut
1298 580 1508 631 beatior
1556 593 1678 630 esse
1722 593 1835 630 non

139 660 326 721 possit,
370 663 554 708 tamen
597 657 871 720 quaedam
913 656 1108 706 deesse
1149 655 1489 718 sapientibus
1531 660 1661 714 tum,
1711 668 1835 704 cum

139 735 246 783 sint
286 733 609 791 beatissimi;
658 733 842 794 itaque
884 745 981 782 eos
1022 730 1076 780 id
1119 743 1295 793 agere,
1345 735 1402 779 ut
1435 744 1467 779 a
1501 743 1560 780 se
1602 729 1835 788 doloreS,

140 807 377 866 morbOS,
412 807 719 857 debilitates
753 805 1031 869 repellant.

216 881 263 931 O
299 895 559 945 magnam
583 883 697 931 vim
731 882 935 944 ingenii
964 893 1300 942 causamque
1326 880 1539 938 iustam,
1574 893 1666 929 cur
1691 891 1839 930 nova

75 969 118 1005 10
142 958 394 1007 existeret
427 956 736 1018 disciplina!
801 955 971 1018 Perge
1006 968 1180 1017 porro,
1244 958 1545 1017 sequuntur
1577 956 1724 1004 enim
1758 966 1837 1013 ea,

141 1045 284 1094 quae
317 1036 374 1081 tu
416 1031 776 1081 scientissime
818 1029 1138 1092 complexus
1179 1043 1254 1088 eS,
1293 1030 1540 1079 omnium
1581 1030 1840 1091 insipien-

140 1108 286 1164 tiam,
319 1107 652 1164 iniustitiam,
686 1104 793 1154 alia
823 1106 956 1154 vitia
988 1103 1187 1154 similia
1220 1117 1357 1162 esse,
1392 1105 1690 1166 omniaque
1716 1117 1840 1166 pec-

143 1186 264 1231 cata
296 1194 418 1231 esse
451 1182 616 1243 paria,
658 1193 881 1242 eosque,
923 1180 1015 1242 qui
1049 1183 1242 1228 natura
1282 1178 1640 1241 doctrinaque
1673 1178 1839 1241 longe

143 1255 214 1305 ad
260 1255 514 1305 virtutem
564 1255 972 1317 processissent,
1021 1254 1125 1303 nisi
1174 1266 1298 1302 eam
1347 1252 1510 1315 plane
1560 1254 1839 1303 consecuti

76 1344 119 1379 15
143 1334 340 1388 essent,
374 1343 588 1379 summe
622 1343 745 1379 esse
779 1330 1022 1387 miserOS,
1055 1341 1237 1390 neque
1270 1329 1407 1378 inter
1447 1342 1637 1378 eorum
1670 1329 1840 1378 vitam

144 1410 197 1455 et
243 1404 774 1467 improbissimorum
823 1404 1119 1466 quicquam
1168 1403 1394 1453 omnino
1451 1403 1727 1462 interesse,
1784 1407 1843 1452 ut

143 1479 312 1538 Plato,
345 1483 527 1529 tantus
553 1478 643 1528 ille
667 1480 761 1536 vir,
796 1479 840 1527 si
866 1479 1087 1540 sapiens
1113 1490 1225 1527 non
1252 1476 1421 1536 fuerit,
1448 1477 1619 1528 nihilo
1646 1477 1843 1527 melius

145 1568 312 1617 quarn
354 1555 533 1617 quivis
573 1552 1012 1616 improbissimus
1056 1565 1159 1602 nec
1191 1551 1405 1602 beatius
1436 1553 1643 1602 vixerit.
1707 1552 1845 1602 haec

143 1628 400 1678 videlicet
440 1633 522 1678 est
555 1629 813 1678 correctio
849 1626 1234 1690 philosophiae
1266 1627 1465 1676 veteris
1500 1631 1553 1676 et
1585 1626 1843 1677 emenda-

76 1718 122 1753 20
145 1705 236 1762 tio,
263 1717 406 1766 quae
432 1703 657 1754 omnino
685 1702 894 1751 aditum
912 1701 1114 1751 habere
1131 1700 1342 1750 nullum
1362 1706 1543 1763 potest
1564 1703 1619 1752 in
1637 1701 1843 1760 urbem,

146 1780 202 1829 in
234 1777 426 1836 forum,
458 1779 513 1827 in
548 1778 766 1827 curiam.
823 1777 945 1839 quis
971 1777 1118 1826 enim
1143 1775 1277 1825 ferre
1304 1781 1492 1838 posset
1517 1777 1592 1825 ita
1618 1776 1845 1839 loquen-

147 1858 258 1903 tem
292 1866 433 1911 eum,
476 1853 569 1915 qui
610 1865 669 1902 se
703 1857 981 1902 auctorem
1022 1851 1168 1900 vitae
1209 1851 1442 1912 graviter
1487 1856 1540 1900 et
1573 1852 1846 1913 sapienter

149 1926 401 1991 agendae
419 1926 769 1989 profiteretur,
795 1926 1022 1976 nomina
1038 1939 1215 1975 rerum
1234 1929 1679 1984 commutantem,
1699 1939 1847 1975 cum-

150 2016 258 2066 que
298 2001 446 2052 idem
486 2002 708 2051 sentiret
740 2000 890 2063 quod
924 2013 1132 2058 omneS‚
1175 1999 1374 2062 quibus
1415 2000 1577 2050 rebus
1611 2000 1846 2050 eandem

81 2078 262 2126 25vim
305 2076 573 2134 tribueret,
622 2075 729 2125 alia
768 2076 994 2125 nomina
1041 2075 1412 2136 inponentem,
1459 2075 1629 2125 verba
1678 2075 1846 2126 modo

152 2155 468 2209 mutantem,
483 2150 552 2200 de
567 2150 921 2212 opinionibus
935 2148 1068 2198 nihil
1080 2148 1485 2200 detrahentem?
1511 2154 1846 2211 patronusne

153 2239 353 2275 causae
386 2226 441 2275 in
475 2224 696 2288 epilogo
741 2238 836 2287 pro
871 2237 962 2274 reo
998 2223 1186 2273 dicens
1227 2228 1452 2286 negaret
1485 2220 1608 2274 esse
1642 2223 1849 2274 malum

154 2300 389 2358 exilium,
424 2298 853 2362 publicationem
879 2298 1187 2348 bonorum?
1243 2297 1380 2348 haec
1412 2298 1687 2348 reicienda
1713 2312 1850 2357 esse,

154 2389 266 2426 non
307 2373 605 2438 fugienda?
666 2387 769 2423 nec
809 2372 1215 2423 misericordem
1256 2372 1494 2423 iudicem
1536 2386 1658 2423 esse
1693 2387 1852 2436 opor-

86 2463 132 2499 30
155 2451 303 2500 tere?
365 2450 420 2498 in
455 2449 712 2499 contione
745 2452 929 2498 autem
963 2448 1007 2497 si
1042 2447 1367 2510 loqueretur,
1401 2449 1446 2497 si
1473 2446 1747 2498 Hannibal
1781 2447 1851 2497 ad

158 2528 340 2586 portas
387 2524 630 2573 venisset
677 2536 1003 2584 murumque
1044 2521 1222 2571 iaculo
1264 2523 1576 2581 traiecisset,
1629 2527 1854 2586 negaret

158 2612 280 2648 esse
313 2599 368 2648 in
402 2597 559 2647 malis
602 2598 738 2659 capi,
777 2597 978 2655 venire,
1019 2596 1260 2655 interfici,
1302 2598 1531 2659 patriam
1573 2598 1855 2648 amittere?

160 2686 229 2722 an
256 2677 494 2730 senatus,
528 2686 652 2721 cum
677 2671 1012 2733 triumphum
1039 2669 1293 2721 Africano
1322 2670 1648 2730 decerneret,
1684 2666 1854 2734 ‘quod

160 2748 277 2798 eius
310 2741 524 2796 virtute’
561 2751 654 2795 aut
689 2740 979 2796 ‘felicitate'
1015 2750 1205 2808 posset
1237 2745 1430 2804 dicere,
1465 2747 1509 2796 si
1543 2760 1724 2808 neque
1756 2747 1858 2795 vir-

239 2864 259 2904 1
287 2865 450 2905 virtute
476 2875 568 2904 una
592 2863 675 2904 BE
765 2863 815 2904 11
852 2864 1122 2913 complexus
1148 2861 1215 2912 es]
1246 2876 1294 2915 p.
1314 2867 1402 2914 107,
1422 2868 1583 2905 17—30
1670 2863 1723 2904 18
1749 2865 1858 2905 bea-

162 2923 251 2964 tius
283 2925 396 2966 dett.
430 2925 593 2965 beatus
718 2923 772 2964 19
805 2924 1024 2965 correctio
1057 2922 1099 2964 V
1131 2924 1357 2973 correptio
1480 2923 1538 2964 20
1571 2924 1744 2965 nullum
1778 2925 1858 2964 ha-

165 2983 274 3024 bere
305 2982 388 3024 BE
503 2983 560 3024 29
593 2983 814 3034 fugienda
846 2985 947 3025 cod.
973 2983 1180 3026 Leidens.
1205 2983 1462 3034 Madviym
1493 2983 1707 3025 facienda

243 3058 328 3096 Cic.
353 3060 399 3095 43
1537 3059 1564 3099 9

1871 838 1904 889 9

1872 910 1923 952 21

1881 2159 1936 2199 22
