2046 3138
57 119 86 171 ξ
112 121 287 162 63-67
451 155 454 159 .
565 117 651 163 DE
683 116 937 164 FINIBUS
970 116 1121 165 BON.
1155 118 1233 164 ET
1266 118 1418 166 MAL.
1741 127 1843 178 189

150 254 316 317 plexu
347 255 529 318 gentis
563 255 855 307 humanae.
898 270 1040 320 quae
1072 257 1241 307 animi
1274 257 1504 309 affectio
1539 272 1700 309 suum
1731 259 1841 309 cui-

146 342 252 392 que
289 329 536 380 tribuens
572 335 738 392 atque
775 329 931 389 hanc,
969 344 1136 394 quam
1172 331 1312 391 dico,
1350 333 1672 384 societatem
1714 346 1842 384 con-

144 403 441 454 iunctionis
484 403 761 455 humanae
802 404 1067 456 munifice
1109 411 1165 457 et
1208 419 1384 470 aeque
1424 411 1586 458 tuens
1628 407 1842 458 iustitia

149 477 362 537 dicitur,
398 479 484 528 cui
523 483 651 529 sunt
686 478 981 530 adiunctae
1018 481 1210 543 pietaS,
1248 480 1484 540 bonitas,
1521 481 1839 540 liberalitas,

102 570 125 604 5
148 551 477 615 benignitas,
504 553 751 611 comitaS,
780 567 1032 617 quaeque
1059 560 1187 606 sunt
1211 556 1431 618 generis
1457 555 1724 607 eiusdem.
1761 562 1842 607 at-

149 640 255 689 que
293 626 431 677 haec
469 627 547 678 ita
586 627 830 678 iustitiae
870 629 1097 691 propria
1138 634 1280 688 sunt,
1322 635 1382 681 ut
1419 630 1529 682 sint
1570 631 1837 682 virtutum

147 700 481 764 reliquarum
523 703 852 753 communia.
904 717 1034 753 nam
1076 717 1198 754 cum
1241 705 1320 756 sic
1359 704 1600 756 hominis
1640 710 1838 756 natura
1873 725 1930 765 66

146 780 411 839 generata
437 776 521 834 sit,
550 781 611 827 ut
636 776 838 828 habeat
866 777 1132 840 quiddam
1161 779 1468 842 ingenitum
1498 780 1655 843 quasi
1680 779 1840 831 civile

144 854 311 913 atque
348 850 635 914 populare,
676 851 826 914 quod
865 850 1060 903 Graeci
1108 852 1397 904 πολιτικόν
1433 859 1650 913 vocant,
1690 855 1839 917 quic-

80 942 124 978 10
147 924 279 987 quid
324 930 453 988 aget
501 939 752 989 quaeque
796 927 987 985 virtUS,
1033 927 1090 977 id
1137 941 1171 978 a
1216 929 1611 980 communitate
1653 934 1706 980 et
1750 942 1836 987 ea,

146 1013 311 1062 quam
350 1000 600 1062 exposui,
642 1001 869 1051 caritate
907 1014 972 1052 ac
1011 1002 1274 1052 societate
1312 1002 1556 1053 humana
1594 1017 1706 1054 non
1742 1003 1837 1054 ab·

144 1073 402 1132 horrebit,
452 1074 810 1138 vicissimque
862 1076 1087 1134 iustitia,
1138 1082 1199 1127 ut
1249 1077 1373 1139 ipsa
1425 1091 1485 1128 se
1536 1076 1734 1128 fundet
1782 1079 1836 1128 in

145 1153 354 1199 ceteras
384 1149 632 1207 virtutes,
668 1150 747 1199 sic
776 1149 901 1200 illas
932 1155 1168 1213 expetet.
1213 1151 1420 1202 servari
1452 1152 1598 1202 enim
1626 1152 1837 1203 iustitia

145 1222 251 1273 nisi
281 1235 315 1272 a
346 1221 476 1274 forti
506 1223 643 1282 viro,
672 1224 780 1274 nisi
811 1238 845 1274 a
876 1225 1126 1287 sapiente
1151 1238 1264 1275 non
1298 1231 1498 1288 potest.
1542 1225 1722 1289 qualis
1752 1232 1837 1278 est

80 1316 122 1350 15
145 1297 312 1360 igitur
347 1298 527 1348 omnis
565 1297 714 1357 haec,
752 1312 917 1362 quam
955 1298 1094 1358 dico,
1132 1300 1470 1362 conspiratio
1507 1313 1837 1351 consensus-

145 1385 250 1434 que
281 1371 564 1431 virtutum,
599 1372 708 1423 tale
740 1378 824 1424 est
857 1372 995 1423 illud
1028 1374 1212 1436 ipsum
1245 1373 1556 1434 honestum,
1587 1374 1837 1438 quando-

144 1445 368 1509 quidem
411 1446 706 1498 honestum
751 1453 847 1498 aut
889 1448 1014 1510 ipsa
1055 1448 1233 1499 virtus
1276 1454 1361 1500 est
1404 1454 1500 1501 aut
1539 1463 1628 1500 res
1671 1455 1835 1513 gesta

142 1520 369 1578 virtute;
414 1521 615 1584 quibus
662 1521 826 1573 rebus
870 1523 986 1573 vita
1030 1523 1381 1574 consentiens
1425 1524 1835 1587 virtutibusque

143 1595 488 1658 respondens
533 1601 681 1647 recta
726 1601 780 1647 et
823 1596 1058 1648 honesta
1100 1603 1156 1648 et
1202 1603 1463 1649 constans
1507 1604 1562 1649 et
1603 1604 1834 1650 naturae

75 1682 454 1733 aocongruens
507 1671 810 1722 existimari
865 1676 1064 1733 potest.
1113 1676 1279 1735 atque
1332 1672 1469 1723 haec
1521 1673 1834 1724 coniunctio
1869 1693 1925 1734 67

143 1743 510 1807 confusioque
533 1745 800 1796 virtutum
827 1750 1010 1796 tamen
1033 1759 1067 1795 a
1089 1745 1440 1809 philosophis
1466 1748 1679 1798 ratione
1704 1761 1837 1810 qua·

143 1817 272 1868 dam
306 1818 681 1883 distinguitur.
726 1833 855 1870 nam
889 1833 1012 1870 cum
1046 1820 1123 1871 ita
1156 1820 1449 1883 copulatae
1483 1835 1836 1886 conexaeque

144 1893 267 1952 sint,
313 1898 374 1944 ut
421 1907 615 1944 omnes
661 1894 909 1944 omnium
957 1894 1274 1957 participes.
1303 1895 1412 1946 sint
1458 1909 1560 1947 nec
1601 1896 1711 1946 alia
1758 1897 1832 1950 ab

142 1967 253 2017 alia
291 1969 470 2030 possit
511 1969 771 2031 separari,
811 1974 996 2020 tamen
1036 1970 1322 2032 proprium
1363 1984 1526 2021 suum
1567 1972 1834 2034 cuiusque

74 2062 119 2096 25
143 2056 345 2093 munus
378 2048 476 2100 est,
514 2048 574 2094 ut
607 2042 878 2094 fortitudo
913 2044 968 2093 in
1003 2042 1288 2094 laboribus
1323 2044 1693 2108 periculisque
1724 2059 1836 2097 cer-

141 2121 319 2174 natur,
355 2118 722 2179 temperantia
773 2118 829 2168 in
881 2118 1384 2181 praetermittendis
1435 2118 1835 2183 voluptatibuS,

143 2190 439 2253 prudentia
474 2192 529 2240 in
568 2191 771 2242 dilectu
809 2192 1081 2242 bonorum
1118 2197 1173 2244 et
1208 2193 1497 2252 malorum,
1536 2193 1747 2245 iustitia
1779 2196 1835 2245 in

144 2278 246 2316 suo
274 2266 471 2328 cuique
501 2265 811 2317 tribuendo.
850 2266 1074 2329 quando
1102 2267 1271 2330 igitur
1298 2268 1442 2319 inest
1467 2268 1523 2318 in
1547 2270 1698 2319 omni
1727 2270 1836 2320 vir-

140 2345 256 2390 tute
314 2353 446 2390 cura
503 2340 778 2403 quaedam
838 2341 997 2403 quasi
1056 2340 1211 2392 foras
1267 2347 1525 2404 spectans
1582 2343 1835 2407 aliosque

72 2419 409 2477 soappetens
461 2420 628 2478 atque
680 2415 1068 2478 complectens,
1117 2420 1296 2469 existit
1341 2416 1497 2475 illud,
1546 2422 1608 2468 ut
1657 2419 1835 2477 amici,

141 2493 203 2540 ut
231 2487 447 2548 fratres,
480 2495 540 2540 ut
571 2490 884 2553 propinqui,
915 2495 976 2541 ut
1006 2489 1228 2549 affineS,
1261 2496 1321 2542 ut
1348 2491 1512 2550 civeS‚
1546 2498 1606 2543 ut
1638 2506 1832 2544 omnes

142 2562 380 2626 denique
417 2592 480 2599 -
519 2565 781 2627 quoniam
819 2578 987 2614 unam
1026 2565 1346 2617 societatem
1384 2565 1670 2617 hominum
1709 2580 1833 2618 esse

213 2720 242 2761 8
283 2722 517 2772 quoddam
549 2722 638 2763 BE
798 2724 1053 2773 ingenitum
1087 2722 1176 2763 BE
1216 2724 1423 2764 innatum
1455 2723 1551 2766 RN
1591 2725 1639 2765 in
1679 2728 1835 2766 natum

139 2779 181 2821 V
338 2781 388 2822 11
424 2778 580 2832 quam]
615 2793 706 2833 que
738 2782 826 2824 RN
992 2783 1045 2823 12
1078 2783 1239 2824 fundet
1278 2794 1330 2824 se
1361 2783 1443 2825 BE
1566 2786 1614 2826 ἰη
1646 2785 1687 2825 Ν
1723 2787 1838 2836 post

140 2839 302 2882 fundet
332 2843 394 2883 ab
427 2843 511 2884 alt,
546 2854 604 2883 m.
637 2854 870 2895 superscr.
904 2845 977 2884 est
1009 2850 1060 2886 ·l··
1095 2839 1178 2893 (ει
1197 2842 1392 2895 scilicet)
1424 2855 1511 2885 usu
1635 2844 1689 2885 14
1721 2845 1835 2886 forte

140 2899 227 2941 RN
236 2899 278 2941 V
372 2900 425 2942 18
458 2903 505 2942 in
538 2904 674 2944 rebus
706 2903 743 2945 R
776 2906 823 2944 et
854 2899 897 2952 (ῐ
929 2905 991 2945 ab
1024 2905 1109 2944 alt.
1135 2915 1193 2945 m.
1218 2901 1470 2956 super-scr.)
1504 2905 1544 2946 N
1552 2898 1568 2923 ²
1662 2904 1719 2946 23
1745 2906 1837 2947 sint

142 2955 274 3009 (ante
305 2959 372 3013 ut)
406 2961 488 3002 BE
520 2967 626 3004 sunt
