2046 3138
0 81 4 183 ξ
69 107 97 159 5
125 109 302 151 63—68
581 103 666 150 DE
699 103 952 150 FlNissus
987 100 1135 150 ssoN.
1171 103 1248 149 ET
1282 100 1433 150 MAL.
1788 108 1860 160 29

159 247 501 310 pertinerent,
535 252 798 311 negarent
831 260 953 297 esse
980 261 1073 309 per
1099 259 1158 297 se
1192 247 1340 309 ipsas
1366 251 1476 295 tam
1504 244 1858 308 expetendaS,

157 335 323 385 quam
348 327 562 373 nostras
589 326 982 384 expeteremus,
1009 334 1120 385 quo
1148 320 1271 372 loco
1290 320 1505 371 videtur
1523 319 1857 383 quibusdam

157 396 423 447 stabilitas
456 397 728 447 amicitiae
753 395 1023 454 vacillare,
1057 400 1275 446 tuentur
1307 401 1493 446 tamen
1521 408 1646 445 eum
1674 393 1856 445 locum

156 485 327 535 seque
360 471 531 530 facile,
572 477 630 521 ut
662 471 795 520 mihi
827 470 1055 529 videtur,
1099 470 1411 533 expediunt.
1481 475 1538 520 ut
1573 470 1719 520 enim
1753 470 1854 520 vir-

109 563 133 598 5
155 550 312 605 tuteS,
346 546 416 596 de
449 546 648 609 quibus
681 550 808 596 ante
841 545 1045 595 dictum
1081 550 1176 604 est,
1210 546 1288 595 sic
1320 545 1615 595 amicitiam
1649 550 1855 608 negant

158 634 323 684 posse
355 633 388 670 a
413 620 695 683 voluptate
729 620 1025 670 discedere.
1082 634 1210 670 nam
1245 634 1369 670 cum
1396 619 1637 670 solitudo
1665 624 1717 669 et
1742 620 1854 669 vita

156 695 274 745 sine
314 695 505 745 amicis
545 695 863 745 insidiarum
906 700 958 745 et
999 699 1176 745 metus
1218 695 1382 757 plena
1421 696 1503 753 sit,
1548 695 1684 745 ratio
1732 695 1855 756 ipsa

156 774 344 820 monet
377 770 642 819 amicitias
677 783 1008 832 comparare,
1054 770 1254 833 quibus
1297 770 1462 831 partis
1504 768 1854 820 confirmatur

0 847 2 894 i
156 845 372 894 animus
406 849 458 894 et
491 858 523 894 a
556 859 654 907 spe
690 844 1074 907 pariendarum
1108 844 1454 906 voluptatum
1491 845 1707 907 seiungi
1740 858 1853 895 non

0 918 1 923 ’
90 935 133 971 ιο
157 924 351 981 potest.
414 924 579 982 atque
622 923 682 969 ut
726 918 868 978 odia,
913 919 1168 977 invidiae,
1211 919 1617 981 despicationes
1662 919 1853 969 adver-

157 999 341 1044 santur
371 993 763 1057 voluptatibus,
804 995 882 1043 sic
922 994 1194 1044 amicitiae
1234 1007 1347 1044 non
1389 994 1558 1044 modo
1601 994 1852 1044 fautrices

156 1067 525 1128 fidelissimae,
559 1068 657 1119 sed
692 1070 855 1119 etiam
883 1068 1178 1119 effectrices
1212 1074 1338 1118 sunt
1361 1068 1707 1131 voluptatum
1742 1074 1852 1119 tam

157 1143 347 1193 amicis
380 1157 546 1206 quam
580 1144 698 1202 sibi,
744 1144 944 1206 quibus
976 1158 1089 1194 non
1123 1143 1303 1194 solum
1338 1144 1717 1206 praesentibus
1751 1144 1854 1194 fru-

157 1222 331 1278 untur,
364 1218 463 1268 sed
497 1219 661 1268 etiarn
694 1232 793 1282 spe
827 1219 1104 1282 eriguntur
1136 1219 1526 1281 consequentis
1560 1232 1624 1269 ac
1650 1219 1853 1281 posteri

92 1310 135 1345 15
158 1293 433 1356 temporis.
496 1293 646 1356 quod
680 1294 810 1357 quia
841 1293 992 1344 nullo
1027 1292 1196 1344 modo
1231 1294 1349 1343 sine
1375 1294 1615 1343 amicitia
1639 1293 1851 1343 firmam

160 1372 213 1418 et
252 1372 573 1431 perpetuam
607 1367 1000 1419 iucunditatem
1034 1369 1180 1418 vitae
1213 1372 1399 1418 tenere
1433 1382 1730 1432 possumus
1764 1383 1857 1418 ne-

160 1456 268 1505 que
299 1456 430 1494 vero
464 1443 641 1506 ipsam
675 1443 971 1493 amicitiam
1005 1443 1156 1502 tueri,
1197 1443 1301 1493 nisi
1343 1456 1521 1507 aeque
1562 1444 1771 1494 amicos
1807 1449 1858 1493 et

82 1522 85 1524 ’
159 1522 377 1568 nosmet
409 1518 561 1580 ipsos
595 1518 904 1581 diligamuS,
938 1518 1138 1568 idcirco
1174 1522 1227 1568 et
1259 1517 1366 1569 hoc
1407 1518 1588 1581 ipsum
1631 1518 1858 1569 efficitur

159 1593 214 1641 in
247 1593 499 1651 amicitia,
534 1597 587 1642 et
619 1593 857 1642 amicitia
890 1607 1013 1642 curn
1039 1592 1324 1655 voluptate
1352 1594 1664 1646 conectitur.
1728 1607 1857 1643 nam

91 1683 136 1719 20
160 1671 213 1717 et
255 1666 519 1717 laetamur
563 1668 863 1718 amicorum
909 1667 1114 1718 laetitia
1157 1681 1336 1731 aeque
1377 1672 1543 1732 atque
1582 1673 1769 1720 nostra
1806 1675 1858 1719 et

160 1742 356 1804 pariter
388 1741 641 1793 dolemus
675 1742 988 1806 angoribus,
1045 1743 1301 1806 quocirca
1335 1742 1533 1794 eodem
1568 1744 1738 1795 modo
1772 1758 1856 1794 sa-

160 1817 316 1879 piens
343 1817 440 1867 erit
463 1816 690 1867 affectus
716 1831 846 1881 erga
870 1817 1122 1876 amicum,
1156 1831 1266 1881 quo
1294 1818 1349 1867 in
1375 1831 1435 1868 se
1461 1819 1658 1881 ipsum,
1692 1833 1855 1883 quos-

160 1904 267 1954 que
285 1891 501 1942 labores
520 1896 738 1955 propter
755 1905 913 1942 suam
930 1891 1273 1954 voluptatem
1292 1893 1606 1956 susciperet,
1626 1893 1855 1945 eosdem

159 1967 419 2029 suscipiet
465 1971 683 2029 propter
722 1968 882 2017 amici
921 1966 1278 2030 voluptatem.
1346 1981 1602 2032 quaeque
1644 1967 1714 2019 de
1753 1970 1856 2019 vir-

91 2057 135 2092 25
158 2040 362 2091 tutibus
395 2041 540 2092 dicta
572 2046 712 2100 sunt,
745 2055 910 2105 quem
940 2042 1011 2091 ad
1037 2041 1266 2092 modum
1292 2055 1392 2093 eae
1418 2056 1635 2106 semper
1659 2042 1854 2106 volup-

158 2115 359 2165 tatibus
400 2115 755 2174 inhaererent,
801 2116 996 2166 eadem
1042 2116 1111 2167 de
1155 2117 1396 2167 amicitia
1436 2117 1673 2169 dicenda
1714 2124 1853 2169 sunt.

161 2189 435 2252 praeclare
468 2191 614 2241 enim
639 2190 900 2254 Epicurus
935 2191 1018 2242 his
1045 2205 1222 2254 paene
1246 2192 1450 2243 verbis:
1485 2185 1748 2252 ‘Eadem’,
1783 2194 1862 2244 in-

234 2336 262 2378 8
293 2338 588 2380 confirmetur
618 2337 752 2379 ABE
904 2338 931 2379 9
971 2342 1017 2381 et
1049 2351 1077 2379 a
1113 2337 1214 2390 spe]
1258 2340 1318 2381 ad
1358 2351 1490 2390 spem
1532 2344 1578 2382 et
1609 2340 1744 2382 ABE

163 2395 223 2436 10
255 2396 365 2438 odia
395 2396 479 2439 BE
618 2399 822 2440 invidiae
855 2392 919 2439 Α2
951 2399 1124 2440 invidie
1158 2395 1205 2449 (e
1237 2401 1299 2441 ab
1332 2401 1417 2441 alt.
1451 2412 1509 2442 m.
1543 2402 1591 2442 ἰη
1625 2412 1720 2443 ras.
1752 2399 1862 2452 scr.)

160 2454 202 2497 N
230 2455 406 2498 Invidia
430 2456 468 2498 B
502 2458 678 2499 invidia
702 2452 874 2506 A¹Ev,
898 2457 937 2500 R
962 2454 1203 2510 (sequente
1228 2471 1325 2501 ιιηα
1350 2461 1442 2502 litt.
1467 2471 1623 2510 erasa,
1649 2473 1772 2513 quae
1797 2463 1864 2503 υἰ-

162 2516 301 2557 detur
330 2516 478 2568 fuisse
509 2515 556 2567 e)
682 2516 737 2558 16
770 2528 1018 2569 possumus
1050 2520 1193 2560 etiam
1219 2519 1255 2559 B
1381 2519 1434 2560 17
1468 2518 1575 2571 nisi]
1609 2522 1698 2571 ipsi
1725 2520 1865 2563 ARV

239 2575 294 2617 19
319 2579 365 2617 et
389 2577 590 2618 amicitia
614 2588 704 2618 om.
726 2576 777 2624 R,
811 2571 873 2618 A¹
900 2574 983 2628 (ab
1012 2579 1096 2620 alt.
1123 2590 1180 2620 m.
1208 2580 1256 2620 ἰη
1288 2591 1380 2630 my.
1406 2582 1635 2622 exteriore
1666 2581 1865 2624 sinistro

163 2635 232 2696 st?
273 2637 384 2678 add.
418 2637 633 2683 amicitia,
676 2639 729 2678 ut
761 2649 790 2678 a
823 2638 1029 2688 liyatore
1068 2641 1114 2679 et
1153 2639 1389 2680 desectum
1430 2651 1531 2681 esse
1566 2637 1744 2692 possut)

166 2698 345 2737 conect.
377 2694 460 2736 BE
589 2696 646 2737 20
678 2694 835 2747 atque]
869 2700 919 2738 ut
948 2697 1087 2739 RNV
1216 2698 1272 2740 23
1305 2696 1577 2749 susciperet]
1611 2701 1866 2751 susceperit

163 2753 202 2796 R
233 2750 384 2804 (suam
417 2757 672 2806 susceperit
704 2754 1023 2808 voluptatem),
1055 2757 1146 2799 NV
1248 2758 1306 2799 24
1338 2756 1577 2810 suscipiet]
1611 2760 1866 2811 susciperet

164 2827 247 2870 BE
367 2828 424 2871 25
456 2841 543 2872 eae
574 2830 622 2872 ‘A
667 2819 722 2871 hc
754 2830 792 2873 Β
833 2831 920 2874 hec
950 2831 986 2873 E
1018 2831 1108 2875 hee
1139 2831 1227 2875 RV
1258 2844 1316 2876 ea
1347 2833 1388 2874 N
1518 2833 1574 2876 2⁷
1607 2834 1679 2876 his
1713 2845 1864 2885 paene

164 2889 316 2990 32:3³}
347 2886 537 2990 gadem]
578 2891 742 2932 eadem
789 2891 873 2942 hys
914 2901 1035 2941 pene
1074 2893 1226 2934 verbis
1266 2892 1352 2934 BE
1400 2894 1489 2935 hiis
1533 2905 1655 2944 pene
1699 2895 1862 2936 eadem

1887 927 1944 967 67

1891 1750 1949 1791 68
