2046 3138
7 0 10 41 l

8 58 10 96 l

0 0 11 204 ,l
36 140 65 192 ξ
91 141 266 184 43-43
452 184 454 186 ,
550 135 635 182 DE
669 134 923 182 lessus
957 133 1107 181 BON.
1142 134 1220 180 ET
1256 134 1408 180 MAL.
1727 141 1828 191 107

127 280 502 331 accessionem
547 278 755 329 nullam
802 276 981 328 habet.
1045 282 1103 327 ut
1148 278 1292 327 enim
1336 277 1677 339 oportunitas
1722 275 1828 335 illa,
1862 279 1919 320 46

126 356 205 406 sic
229 355 380 413 haec,
407 354 477 405 de
503 354 702 417 quibus
729 353 854 411 dixi,
879 366 992 403 non
1018 352 1155 402 fiunt
1180 352 1442 415 temporis
1469 351 1829 415 productione

0 362 9 489 '⁴’
127 430 350 488 maiora,
392 429 464 480 ob
508 442 743 491 eamque
785 440 1007 478 causam
1043 426 1240 477 Stoicis
1281 441 1394 477 non
1429 427 1645 477 videtur
1678 430 1831 488 opta-

6 552 7 565 ,
129 505 287 555 bilior
312 518 414 555 nec
439 504 616 566 magis
644 501 953 565 expetenda
971 502 1134 552 beata
1150 503 1279 560 vita,
1305 502 1350 552 si
1369 502 1437 552 sit
1454 501 1636 565 longa,
1663 514 1829 564 quam

6 579 7 582 ’
83 591 106 626 5
129 581 174 630 si
201 579 396 637 breviS,
423 582 755 640 utunturque
773 576 958 627 simili:
985 581 1057 635 ut,
1083 577 1128 626 si
1148 576 1396 627 cothurni
1416 576 1536 627 laus
1561 576 1653 627 illa
1672 580 1830 634 esset,

128 655 198 704 ad
227 653 426 716 pedem
457 657 584 715 apte
618 652 927 710 convenire,
960 665 1143 714 neque
1176 651 1329 701 multi
1357 651 1605 702 cothurni
1639 651 1828 714 paucis

128 732 589 791 anteponerentur
601 740 705 778 nec
719 727 956 777 maiores
972 726 1289 785 minoribuS,
1305 727 1396 785 sie,
1417 740 1650 789 quorum
1665 739 1831 776 omne

128 804 337 855 bonum
358 803 745 853 convenientia
763 806 928 864 atque
948 802 1317 863 oportunitate
1336 801 1531 860 finitur,
1557 815 1659 851 nec
1677 800 1832 863 plura

5 923 6 926 ,
130 878 479 941 paucioribus
519 891 623 927 nec
662 877 1051 940 longinquiora
1094 876 1434 927 brevioribus
1479 880 1831 938 anteponent.

0 1002 1 1005 ,
62 964 106 1000 10
129 953 244 1004 Nec
281 966 412 1003 vero
458 953 589 1002 satis
635 956 794 1002 acute
839 951 1046 1002 dicunt:
1093 951 1138 1001 si
1179 951 1328 1002 bona
1370 950 1618 1002 valitudo
1665 950 1831 1013 pluris
1866 953 1921 994 47

129 1027 472 1079 aestimanda
505 1028 573 1077 sit
612 1026 782 1090 longa
822 1040 989 1090 quam
1031 1026 1227 1085 breviS,
1269 1027 1573 1089 sapientiae
1608 1039 1832 1089 quoque

0 1137 6 1201 4
127 1117 259 1154 usus
293 1102 648 1166 longissimus
683 1102 918 1164 quisque
959 1102 1027 1151 sit
1068 1101 1298 1163 plurimi.
1361 1115 1475 1152 non
1509 1100 1834 1163 intellegunt

0 1192 1 1202 ¹
129 1177 447 1228 valitudinis
481 1177 924 1227 aestimationem
958 1177 1137 1238 spatio
1164 1176 1404 1234 iudicari,
1436 1176 1648 1226 virtutis
1675 1189 1834 1238 opor-

129 1253 374 1312 tunitate,
418 1257 478 1303 ut
507 1252 797 1303 videantur
830 1252 923 1314 qui
964 1251 1099 1301 illud
1141 1251 1326 1301 dicant
1365 1250 1513 1301 idem
1558 1250 1665 1301 hoc
1710 1264 1833 1301 esse

64 1339 107 1374 15
131 1328 337 1386 dicturi,
388 1327 595 1378 ⁴bonam
648 1331 880 1378 mortem
926 1331 980 1376 et
1030 1326 1239 1376 bonum
1289 1330 1503 1388 partum
1548 1325 1832 1376 meliorem

131 1402 360 1466 longum
395 1416 518 1453 esse
551 1415 717 1465 quam
751 1402 990 1452 brevem.
1053 1415 1166 1452 non
1198 1400 1390 1451 vident
1429 1400 1538 1450 alia
1569 1400 1834 1451 brevitate

132 1477 299 1540 pluris
327 1478 616 1535 aestimari,
643 1477 752 1526 alia
777 1476 1143 1527 diuturnitate.
1192 1476 1378 1539 itaque
1397 1479 1830 1526 consentaneum
1864 1478 1924 1519 48

132 1557 214 1602 est
245 1552 345 1611 his,
387 1566 530 1614 quae
564 1552 708 1602 dicta
741 1556 881 1610 sunt,
914 1552 1124 1602 ratione
1157 1550 1389 1609 illorum,
1423 1551 1516 1614 qui
1549 1550 1703 1600 illum
1735 1550 1832 1600 bo-

2 1683 3 1686 ,
130 1641 325 1678 norum
367 1626 549 1686 finem,
591 1626 741 1690 quod
783 1625 1128 1689 appellamus
1164 1629 1480 1684 extremum,
1521 1625 1672 1688 quod
1713 1624 1832 1675 ulti-

2 1695 4 1751 ζ
61 1713 107 1749 20
131 1716 297 1760 mum,
325 1716 565 1752 crescere
592 1706 784 1764 putent
810 1715 976 1764 posse
995 1700 1260 1751 —isdem
1287 1700 1502 1763 placere
1522 1714 1645 1751 esse
1664 1699 1831 1750 alium

129 1776 238 1828 alio
274 1781 326 1827 et
358 1778 748 1840 sapientiorem
782 1777 1025 1839 itemque
1051 1775 1219 1825 alium
1245 1776 1423 1838 magis
1449 1775 1559 1826 alio
1584 1775 1675 1825 vel
1709 1789 1834 1838 pec-

130 1865 252 1902 care
283 1851 374 1902 vel
407 1856 551 1903 recte
584 1851 776 1910 facere,
818 1850 969 1914 quod
1002 1851 1164 1901 nobis
1197 1864 1309 1901 non
1344 1850 1469 1900 licet
1502 1850 1696 1909 dicere,
1739 1850 1832 1913 qui

2 1927 3 1990 l
129 1940 370 1977 crescere
411 1926 682 1977 bonorum
729 1926 896 1976 finem
941 1939 1054 1976 non
1100 1930 1372 1988 putamus,
1443 1929 1502 1975 ut
1546 1926 1692 1976 enim
1738 1925 1832 1988 qui

65 2002 68 2005 '
130 2001 366 2052 demersi
410 2006 537 2052 sunt
577 2002 632 2051 in
666 2014 813 2064 aqua
857 1999 1029 2051 nihilo
1070 2000 1248 2064 magis
1281 2000 1544 2063 respirare
1585 2004 1832 2062 possunt,

2 2135 3 2139 Ἰ
61 2087 106 2123 25
130 2077 175 2126 si
208 2090 320 2127 non
355 2075 523 2139 longe
556 2076 757 2126 absunt
788 2089 822 2125 a
854 2089 1088 2134 summo,
1128 2079 1188 2126 ut
1219 2075 1328 2125 iam
1362 2076 1586 2138 iamque
1620 2075 1834 2137 possint

2 2142 3 2149 ’
131 2164 439 2214 emergere,
467 2164 633 2214 quam
668 2151 714 2200 si
748 2151 912 2201 etiam
946 2154 1060 2201 tum
1096 2154 1282 2201 essent
1312 2150 1367 2201 in
1402 2149 1690 2213 profundo,
1731 2163 1834 2201 nec

130 2225 342 2276 catulus
368 2225 475 2284 ille,
510 2226 602 2288 qui
629 2226 738 2275 iam
765 2224 1173 2288 adpropinquat
1197 2229 1256 2275 ut
1279 2224 1480 2283 videat,
1515 2224 1638 2287 plus
1666 2225 1835 2277 cernit

130 2314 296 2363 quam
342 2301 402 2360 is,
448 2301 541 2363 qui
582 2299 752 2351 modo
787 2304 874 2350 est>
908 2304 1084 2358 natuS,
1132 2299 1262 2351 item
1304 2300 1398 2363 qui
1442 2299 1707 2363 processit
1739 2299 1834 2349 ali-

131 2380 397 2438 quantum
439 2375 509 2425 ad
542 2375 752 2425 virtutis
795 2374 1042 2425 habitum
1084 2374 1254 2425 nihilo
1297 2375 1478 2424 minus
1519 2375 1574 2425 in
1616 2375 1835 2426 miseria

62 2460 108 2496 30
133 2454 216 2501 est
248 2464 415 2513 quam
448 2449 554 2509 ille,
588 2450 682 2513 qui
714 2449 848 2499 nihil
883 2450 1161 2513 processit.

206 2523 357 2575 Haec
397 2524 666 2575 mirabilia
703 2524 876 2575 videri
925 2523 1202 2588 intelleg0,
1247 2524 1346 2575 sed
1394 2538 1518 2575 cum
1564 2528 1707 2576 certe
1748 2539 1834 2576 su-
1859 2524 1923 2574 15

133 2600 346 2662 periora
385 2593 540 2649 firma
579 2613 644 2650 ac
675 2613 806 2650 vera
849 2599 970 2658 sint,
1014 2599 1098 2650 his
1139 2603 1325 2650 autem
1361 2613 1428 2650 ea
1460 2604 1835 2651 consentanea

201 2746 230 2787 9
251 2750 541 2798 anteponent
553 2747 703 2789 Bentl.
713 2747 865 2796 Mdv.,·
874 2749 1218 2798 anteponentur
1232 2746 1420 2789 ARNV
1442 2749 1834 2797 anteponerentur

126 2805 208 2848 BE
303 2806 358 2848 16
390 2818 496 2848 esse
528 2807 718 2858 longum
752 2806 836 2847 BE
921 2806 977 2848 21'
1011 2809 1058 2849 et
1080 2806 1313 2849 ABERV
1346 2803 1582 2858 (sequimr
1604 2807 1832 2856 itemque:

126 2867 182 2917 cf.
193 2878 242 2917 ρ.
254 2870 482 2918 188,15.sq.
502 2870 547 2908 et
565 2877 718 2908 eos...
732 2864 949 2918 nosque),
967 2866 1012 2909 εἶτ
1030 2862 1107 2916 (=
1117 2868 1272 2914 etiam,
1288 2868 1389 2908 ‘ab
1407 2867 1491 2908 alt.
1505 2879 1577 2916 m.,
1590 2868 1644 2907 at
1659 2863 1773 2916 vid.)
1791 2866 1833 2907 N

201 2925 258 2966 27
291 2927 635 2977 adpropinquat
663 2922 833 2978 (appr.)
865 2928 970 2970 edd.
1003 2929 1053 2968 ut
1084 2927 1366 2977 propinquat
1396 2924 1579 2967 ABER
1612 2927 1831 2976 apropin-

128 2987 238 3035 quat
262 2978 326 3027 Ν*
350 2987 630 3037 propinquat
653 2986 694 3027 N
703 2980 768 3028 ¹V
859 2986 916 3027 29
948 2987 1155 3029 habitum
1182 2988 1295 3031 dett.
1323 2986 1496 3030 aditum
1524 2982 1750 3040 (additum
1771 2982 1829 3041 R)
