2046 3138
120 796 176 837 23

211 131 314 181 166
628 123 714 170 DE
746 122 1000 170 FINIBUS
1033 121 1182 170 BON.
1215 122 1295 169 ET
1325 123 1479 170 MAL.
1651 129 1985 170 Lib.Vc.8-9

205 261 277 312 ad
318 275 413 312 eas
454 260 600 312 enim
640 274 730 312 res
767 259 986 319 referre,
1030 274 1171 324 quae
1211 274 1364 325 agas,
1405 275 1638 325 quarum
1679 275 1805 319 una,
1843 261 1889 312 si

206 334 329 398 quis
374 333 522 386 malo
569 340 766 393 careat,
809 334 864 386 in
909 349 1126 386 summo
1172 348 1298 387 eum
1342 334 1490 386 bono
1550 334 1697 387 dicat
1750 349 1890 394 esse,

205 408 379 460 altera
406 413 658 460 versetur
686 409 741 460 in
772 408 1056 460 levissima
1084 414 1239 472 parte
1269 414 1515 468 naturae,
1544 409 1892 460 obscurantis

205 488 288 535 est
316 496 536 535 omnem
566 483 921 546 splendorem
948 483 1271 541 honestatis,
1298 496 1366 534 ne
1396 482 1576 534 dicam
1604 484 1893 546 inquinan-

206 558 291 609 tis.
339 556 566 609 Restant
601 556 785 616 Stoici,
821 557 914 620 qui
950 571 1074 609 cum
1110 571 1144 608 a
1178 557 1558 621 Peripateticis
1591 562 1646 608 et
1679 557 1891 608 Acade·
1937 572 1962 608 5

205 631 361 683 micis
389 632 577 683 omnia
603 631 1031 690 transtulissent,
1057 631 1376 683 nominibus
1402 631 1526 682 aliis
1555 631 1780 682 easdem
1806 645 1894 682 res

207 705 379 758 secuti
418 710 560 757 sunt.
608 705 712 756 hos
750 711 941 757 contra
976 705 1228 769 singulos
1268 705 1375 756 dici
1412 711 1495 757 est
1530 705 1746 757 melius.
1794 705 1892 757 sed

206 793 364 838 nune,
400 779 550 843 quod
585 780 828 843 agimus;
863 779 932 830 de
964 779 1088 838 illis,
1125 793 1247 830 cum
1280 780 1549 831 volemus.
1593 779 1892 831 Democriti

206 859 391 906 autem
419 854 701 912 securitas,
729 866 870 918 quae
895 859 980 906 est
1003 854 1172 905 animi
1199 859 1483 917 tamquam
1507 853 1893 918 tranquillitas,

209 942 373 992 quam
414 928 700 992 appellant
741 925 1033 992 εὐθυμίαν,
1072 942 1138 981 eo
1179 928 1492 991 separanda
1533 928 1639 980 fuit
1677 927 1748 979 ab
1786 928 1891 978 hac
1917 943 1963 979 ιο

208 1002 600 1066 dis-putatione,
649 1003 778 1066 quia
829 998 956 1069 [ista
1001 1002 1170 1054 animi
1215 998 1608 1070 tranquillitas]
1658 1016 1726 1053 ea
1770 1002 1894 1066 ipsa

207 1082 291 1128 est
333 1076 497 1129 beata
538 1077 678 1134 vita;
721 1077 1039 1139 quaerimus
1080 1081 1281 1135 autem,
1324 1090 1437 1128 non
1480 1090 1622 1140 quae
1664 1077 1749 1135 sit,
1793 1075 1893 1128 sed

207 1150 356 1202 unde
383 1151 468 1202 sit.
500 1150 613 1202 Iam
626 1150 893 1216 explosae
916 1151 1236 1214 eiectaeque
1262 1151 1566 1203 sententiae
1581 1150 1897 1215 Pyrrhonis,

207 1225 498 1284 Aristonis,
541 1224 692 1277 Erilli
737 1224 886 1288 quod
928 1224 984 1277 in
1025 1225 1172 1277 hunc
1213 1225 1419 1284 orbern,
1462 1239 1624 1288 quem
1668 1226 1895 1276 circum-

209 1300 546 1362 scripsimuS,
581 1299 822 1352 incidere
855 1313 967 1351 non
1001 1305 1253 1363 possunt,
1285 1299 1635 1351 adhibendae
1669 1299 1895 1351 omnino
1923 1314 1966 1350 15

208 1387 319 1425 non
348 1373 586 1426 fuerunt.
626 1387 755 1425 nam
784 1387 908 1425 cum
936 1373 1116 1426 omnis
1145 1373 1283 1426 haec
1309 1373 1560 1437 quaestio
1589 1373 1658 1425 de
1687 1373 1896 1424 finibus

209 1453 262 1499 et
295 1448 453 1512 quasi
487 1447 557 1499 de
588 1448 847 1499 extremis
878 1447 1151 1499 bonorum
1185 1453 1239 1499 et
1268 1447 1542 1499 malorum
1574 1448 1644 1498 ab
1675 1461 1743 1499 eo
1771 1461 1896 1510 pro-

209 1525 505 1585 ficiscatur,
533 1525 684 1590 quod
714 1525 955 1577 diximus
980 1531 1212 1577 naturae
1237 1539 1360 1577 esse
1387 1531 1579 1589 aptum
1605 1531 1659 1577 et
1683 1539 1896 1577 accom-

208 1600 513 1660 modatum,
551 1599 813 1664 quodque
851 1601 1036 1664 ipsum
1075 1614 1173 1664 per
1211 1614 1269 1651 se
1309 1600 1547 1664 primum
1586 1605 1894 1663 appetatur,

209 1675 315 1726 hoc
341 1679 520 1726 totum
550 1680 605 1726 et
632 1675 669 1725 ii
698 1674 914 1733 tollunt,
946 1676 1038 1738 qui
1066 1675 1122 1725 in
1150 1674 1316 1726 rebus
1345 1675 1428 1733 iis,
1452 1675 1508 1725 in
1535 1674 1735 1737 quibus
1759 1673 1894 1724 nihil
1920 1691 1967 1726 20

213 1745 384 1816 [quod
423 1745 558 1816 non]
600 1754 696 1800 aut
734 1749 1028 1800 honestum
1067 1754 1164 1800 aut
1203 1755 1364 1812 turpe
1403 1749 1489 1807 sit,
1526 1753 1734 1812 negant
1771 1761 1895 1799 esse

210 1822 378 1874 ullam
426 1837 666 1882 causam,
713 1837 808 1875 cur
849 1822 1003 1874 aliud
1046 1823 1140 1874 alii
1185 1827 1568 1886 anteponatur,
1612 1836 1714 1873 nec
1756 1822 1896 1873 inter

209 1911 305 1948 eas
338 1911 426 1948 res
461 1897 756 1960 quicquam
790 1897 1016 1948 omnino
1050 1902 1247 1960 putant
1281 1897 1560 1955 interesse,
1594 1901 1648 1948 et
1681 1895 1895 1954 ErilluS,

211 1970 256 2022 si
312 1971 389 2022 ita
446 1972 633 2029 sensit,
687 1970 823 2021 nihil
878 1984 1001 2022 esse
1057 1971 1265 2022 bonum
1322 1976 1539 2034 praeter
1594 1970 1894 2027 scientiam,

210 2059 428 2096 omnem
471 2045 685 2096 consilii
728 2045 982 2108 capiendi
1022 2059 1247 2096 causam
1285 2045 1771 2108 inventionemque
1811 2043 1896 2095 of-
1920 2062 1966 2097 25

210 2119 321 2170 ficii
366 2119 606 2171 sustulit.
658 2118 748 2170 Sic
785 2119 1025 2171 exclusis
1066 2119 1352 2170 sententiis
1393 2119 1730 2182 reliquorum
1772 2132 1895 2169 cum

211 2198 496 2256 praeterea
538 2193 693 2244 nulla
735 2207 859 2245 esse
901 2194 1094 2256 possit,
1136 2193 1275 2244 haec
1315 2194 1669 2256 antiquorum
1711 2191 1896 2243 valeat

211 2281 437 2319 necesse
472 2272 572 2319 est.
619 2280 752 2331 ergo
788 2268 1042 2319 instituto
1075 2272 1342 2325 veterum,
1380 2280 1489 2330 quo
1526 2267 1691 2318 etiam
1727 2265 1896 2318 Stoici

211 2346 454 2399 utuntur,
490 2342 618 2392 hinc
654 2343 939 2404 capiamus
975 2341 1281 2393 exordium.

285 2415 462 2466 Omne
501 2415 707 2466 animal
749 2429 809 2466 se
847 2416 1032 2478 ipsum
1073 2415 1255 2478 diligit
1294 2428 1373 2474 ae,
1414 2414 1578 2466 simul
1618 2419 1671 2466 et
1712 2419 1894 2465 ortum
1920 2433 1966 2469 30

213 2494 311 2547 est,
352 2489 406 2540 id
450 2491 582 2553 agit,
623 2503 682 2541 se
721 2494 782 2540 ut
823 2494 1126 2548 conservet,
1167 2489 1317 2552 quod
1357 2489 1447 2539 hic
1485 2489 1534 2539 ei
1570 2489 1783 2551 primus
1815 2488 1893 2541 ad
2039 2492 2042 2493 ’

213 2577 434 2614 omnem
471 2564 645 2615 vitam
685 2563 950 2615 tuendam
989 2563 1271 2626 appetitus
1309 2577 1343 2615 a
1381 2567 1580 2613 natura
1619 2562 1796 2620 datur,
1837 2574 1897 2612 se

273 2720 300 2761 8
347 2716 491 2770 quod]
525 2721 636 2771 quid
667 2720 749 2762 BE
781 2721 901 2771 quus
925 2716 1000 2770 (=
1019 2718 1226 2771 quidem)
1258 2721 1297 2762 R
1387 2720 1414 2761 9
1445 2723 1677 2770 tamquam
1710 2714 1904 2768 (tanqua

214 2777 270 2830 R)
302 2780 607 2830 tranquillitas
636 2780 723 2821 RN
755 2779 1057 2830 tranquillitas
1089 2783 1322 2830 tamquam
1346 2779 1430 2821 BE
1461 2778 1760 2828 tranquillitas
1793 2773 1903 2826 (om.

214 2837 467 2889 tamquam)
493 2839 535 2881 V
629 2839 678 2880 11
715 2841 822 2881 secl.
848 2839 920 2880 Se.
1001 2842 1070 2883 est
1101 2840 1204 2889 ipsa
1234 2839 1317 2880 BE
1410 2838 1478 2885 12,
1508 2837 1562 2878 13
1594 2837 1652 2877 sit
1683 2834 1905 2887 (utroque

215 2895 338 2947 loco)
365 2900 477 2939 dett.
504 2900 595 2939 sint
704 2898 757 2940 18
791 2895 1004 2948 diximus]
1034 2911 1083 2950 p.
1102 2903 1190 2948 163,
1209 2903 1261 2939 16
1274 2910 1374 2949 sqq.
1481 2896 1534 2936 21
1567 2897 1655 2938 del.
1672 2896 1829 2937 Lamb.

217 2958 273 2999 23
308 2955 571 3008 quiequam]
608 2959 817 3009 quitquid
841 2957 941 3005 ΒΕ,
1012 2957 1071 2999 28
1102 2955 1230 3010 ergo]
1264 2958 1399 3008 igitur
1420 2956 1504 2998 BE
1589 2955 1644 2998 31
1671 2958 1721 2996 ut
1744 2965 1799 2997 se
1820 2953 1906 2996 BE
