2002 3068
57 88 85 140 ξ
114 89 285 131 17-22
563 82 649 129 DE
681 80 934 128 FINIBUS
968 80 1117 128 BON.
1151 80 1229 126 ΕΤ
1263 79 1415 126 MAL.
1806 87 1840 137 9

147 220 458 290 (quidem),
499 223 649 289 quod
683 223 812 274 vult.
868 238 995 274 nam
1039 228 1091 274 et
1131 223 1253 286 ipsa
1285 222 1577 273 declinatio
1620 221 1689 272 ad
1724 221 1840 272 libi-

149 301 332 352 dinem
351 300 571 364 fingitur
588 324 657 332 —
677 300 751 350 ait
776 299 921 350 enim
941 298 1214 349 declinare
1239 302 1485 348 atomum
1511 298 1629 347 sine
1653 310 1841 354 causa;

149 390 258 439 quo
300 375 434 426 nihil
474 376 682 438 turpius
723 374 967 438 physico,
1017 387 1183 436 quam
1229 372 1343 423 fieri
1389 373 1682 435 quicquam
1725 372 1843 421 sine

150 464 316 502 causa
335 450 528 509 dicere,
547 475 616 482 ——
637 454 688 500 et
707 448 857 499 illum
876 453 1086 500 motum
1106 446 1407 498 naturalem
1436 447 1682 497 omnium
1711 461 1844 509 pon-

101 535 124 570 5
149 525 353 584 derum,
394 530 452 575 ut
491 526 610 588 ipse
652 523 942 582 constituit,
984 537 1014 574 e
1048 523 1272 586 regione
1314 521 1620 572 inferiorem
1662 520 1843 572 locum

149 600 449 663 petentium
476 600 595 650 sine
622 612 789 650 causa
815 599 1008 660 eripuit
1033 598 1231 649 atomis
1257 611 1360 647 nec
1384 601 1567 647 tamen
1595 595 1664 655 id,
1691 596 1845 646 cuius

149 689 317 726 causa
342 674 480 724 haec
504 673 746 732 finxerat,
773 678 1058 723 assecutus
1086 677 1182 723 est.
1230 686 1358 722 nam
1385 672 1430 721 si
1457 685 1651 723 omnes
1677 671 1845 722 atomi

149 749 515 808 declinabunt,
560 748 745 799 nullae
787 762 1052 811 umquam
1098 747 1500 805 cohaerescent,
1546 747 1662 797 sive
1706 745 1847 796 aliae

149 823 517 883 declinabunt,
550 823 692 874 aliae
726 837 827 874 suo
861 828 996 873 nutu
1030 827 1172 873 recte
1205 821 1453 880 ferentur,
1487 821 1720 884 primum
1752 821 1848 871 erit

83 908 126 944 10
150 899 257 950 hoc
289 899 447 962 quasi
474 899 785 962 provincias
818 898 1017 949 atomis
1044 897 1188 956 dare,
1222 910 1366 960 quae
1391 901 1548 955 recte,
1583 910 1726 959 quae
1753 895 1849 946 ob-

151 973 299 1037 lique
343 973 591 1033 ferantur,
645 972 846 1023 deinde
892 972 1087 1023 eadem
1132 971 1225 1022 illa
1264 976 1588 1030 atomorum,
1637 972 1690 1020 in
1736 984 1846 1034 quo

152 1049 315 1099 etiam
361 1047 706 1099 Democritus
756 1047 955 1106 haeret,
1006 1046 1316 1098 turbulenta
1368 1046 1653 1098 concursio
1704 1046 1849 1095 hunc

151 1123 342 1174 mundi
384 1128 634 1174 ornatum
677 1122 890 1174 efficere
931 1136 1043 1173 non
1078 1122 1286 1185 poterit.
1342 1135 1412 1171 ne
1446 1120 1578 1171 illud
1625 1120 1848 1184 quidem

152 1198 378 1262 physici,
421 1198 638 1249 credere
672 1197 879 1260 aliquid
915 1211 1037 1247 esse
1069 1197 1373 1255 minimum,
1414 1195 1565 1258 quod
1607 1194 1848 1258 profecto

88 1282 130 1318 15
156 1287 459 1336 numquam
488 1274 804 1335 putavisset,
839 1272 883 1322 si
909 1285 942 1322 a
966 1271 1262 1336 Polyaeno,
1295 1270 1543 1320 familiari
1570 1284 1688 1329 suo,
1721 1283 1850 1334 geo-

151 1349 374 1398 metrica
408 1347 616 1398 discere
649 1346 933 1398 maluisset
966 1361 1132 1410 quam
1166 1346 1319 1396 illum
1353 1346 1515 1396 etiam
1551 1346 1731 1408 ipsum
1759 1344 1851 1395 de-

154 1422 366 1474 docere.
424 1422 506 1473 sol
533 1422 846 1473 Democrito
880 1435 1115 1485 magnus
1147 1420 1375 1479 videtur,
1409 1419 1615 1483 quippe
1640 1420 1849 1471 homini

153 1497 363 1548 erudito
399 1498 454 1547 in
480 1498 894 1561 geometriaque
921 1495 1175 1559 perfecto,
1208 1495 1335 1545 huic
1361 1495 1574 1558 pedalis
1599 1495 1850 1553 fortasse;

152 1577 361 1623 tantum
406 1573 551 1623 enim
595 1586 717 1623 esse
759 1576 966 1630 censet,
1007 1576 1245 1634 quantus
1277 1570 1505 1628 videtur,
1549 1569 1637 1621 vel
1684 1569 1850 1632 paulo

84 1656 129 1692 20
153 1652 245 1698 aut
269 1648 534 1698 maiorem
561 1652 654 1697 aut
678 1648 962 1697 minorem.
1011 1646 1099 1704 ita,
1133 1659 1277 1709 quae
1302 1649 1489 1703 mutat,
1525 1659 1591 1695 ea
1616 1658 1851 1696 corrum-

156 1723 247 1785 pit,
293 1736 436 1785 quae
481 1722 725 1785 sequitur
768 1726 894 1772 sunt
933 1725 1047 1772 tota
1090 1719 1402 1779 Democriti,
1446 1720 1630 1778 atomi,
1674 1720 1852 1778 inane,

155 1797 439 1861 imagineS,
489 1810 632 1860 quae
676 1791 879 1844 εἴδωλα
920 1795 1221 1855 nominant,
1265 1808 1498 1859 quorum
1542 1795 1853 1845 incursione

155 1886 268 1923 non
313 1871 494 1923 solum
537 1871 843 1930 videamuS,
895 1870 995 1922 sed
1040 1870 1203 1921 etiam
1249 1870 1576 1934 cogitemus;
1621 1869 1852 1920 infinitio

155 1947 289 2009 ipsa,
325 1961 491 2009 quarn
526 1940 785 2009 ἀπειρίαν
815 1949 1032 2004 vocant,
1064 1950 1179 1996 tota
1211 1944 1280 1995 ab
1307 1944 1401 1995 illo
1429 1949 1524 2003 est,
1557 1949 1671 1995 tum
1699 1945 1854 1994 innu-

85 2032 131 2069 25
155 2021 446 2072 merabiles
478 2021 686 2079 mundi,
731 2021 824 2084 qui
871 2025 923 2071 et
963 2020 1200 2071 oriantur
1240 2024 1292 2070 et
1332 2020 1597 2070 intereant
1638 2019 1852 2070 cotidie.

155 2110 298 2159 quae
333 2097 433 2147 etsi
466 2096 600 2146 mihi
633 2095 784 2146 nullo
818 2095 988 2146 modo
1023 2094 1333 2158 probantur,
1365 2099 1550 2145 tamen
1577 2093 1854 2144 Democri-

154 2176 269 2221 tum
304 2170 588 2222 laudatum
624 2185 657 2220 a
690 2171 881 2221 ceteris
907 2170 976 2220 ab
1010 2169 1130 2228 hoc,
1165 2169 1258 2232 qui
1285 2183 1410 2219 eum
1436 2183 1607 2219 unum
1635 2173 1854 2219 secutus

155 2250 313 2304 esset,
346 2245 550 2296 nollem
590 2246 970 2308 vituperatum.

230 2320 341 2370 Iam
377 2321 431 2370 in
466 2320 633 2371 altera
666 2319 1053 2383 philosophiae
1080 2323 1244 2382 parte,
1278 2332 1421 2382 quae
1449 2323 1530 2369 est
1555 2318 1853 2381 quaerendi

87 2406 132 2442 3ο
156 2407 220 2446 ac
253 2395 571 2454 disserendi,
605 2408 748 2458 quae
782 2390 978 2457 λογική
1010 2393 1216 2453 dicitur,
1250 2393 1351 2444 iste
1374 2398 1558 2444 vester
1584 2393 1762 2456 plane,
1796 2398 1853 2443 ut

233 2572 250 2612 1
290 2574 402 2614 add.
444 2573 496 2613 A.
529 2573 655 2614 Man.
810 2583 903 2622 quo
943 2572 1039 2613 volt
1077 2570 1160 2612 BE
1314 2570 1368 2613 13
1412 2570 1597 2612 efficere
1644 2571 1851 2611 ornatum

156 2631 237 2672 BE
390 2632 445 2672 15
477 2633 759 2683 geometrica
789 2632 831 2673 J.
853 2632 900 2672 F.
924 2631 1216 2681 Gronovius,·
1247 2631 1574 2682 geometricam
1608 2628 1853 2670 ABERN

156 2693 455 2742 geometriam
483 2692 526 2733 V
696 2692 753 2732 20
786 2694 928 2732 mutat
959 2702 1017 2732 ea
1047 2687 1310 2741 corrumpit]
1344 2690 1591 2740 corrumpit
1624 2691 1766 2728 mutat
1798 2699 1854 2729 ea

157 2750 238 2791 BE
358 2751 414 2792 22
448 2751 573 2792 idola
604 2751 694 2793 AR
732 2751 871 2803 ydola
903 2750 1086 2792 BENV
1178 2751 1441 2792 incursione
1474 2749 1508 2790 E
1545 2748 1854 2789 incursionem

159 2806 320 2859 (etiam
357 2808 419 2861 A)
595 2811 652 2852 24
691 2811 869 2861 apirian
909 2809 1140 2852 ABERV
1184 2810 1374 2860 apiriam
1414 2809 1455 2850 N
1504 2804 1571 2858 (pi
1615 2819 1671 2849 ex
1714 2804 1854 2857 corr.)

235 2869 290 2911 25
324 2871 550 2920 quottidie
574 2870 657 2912 BE
690 2870 898 2921 quotidie
929 2869 1021 2911 NV
1113 2869 1169 2910 29
1202 2869 1343 2910 altera
1367 2869 1414 2909 in
1439 2867 1522 2909 BE
1614 2867 1672 2908 30
1703 2867 1855 2918 logice

159 2926 387 2972 ABERN
418 2926 616 2984 loyceQN

1880 674 1936 714 20

1885 1646 1935 1686 21
