2046 3138
9 170 39 222 ἓ
67 171 239 213 18-22
394 211 396 213 ,
518 164 604 211 DE
636 162 890 210 FINIBUS
923 161 1073 209 BON.
1107 161 1185 208 ET
1218 160 1371 207 MAL.
1693 165 1795 216 165

103 309 283 356 tamen
327 305 510 367 ipsum
553 302 691 354 illud
733 301 1023 354 consilium
1064 301 1142 352 ita
1182 298 1423 351 faciendi
1464 297 1562 362 per
1602 310 1661 349 se
1700 310 1794 348 ex-

103 378 402 442 petendum
428 383 481 429 et
506 378 801 442 honestum
825 382 879 428 et
903 375 1084 427 solum
1109 374 1317 426 bonum
1342 374 1427 432 sit,
1449 385 1613 425 nemo
1641 371 1794 422 dixit.

102 466 169 504 ne
201 453 526 504 vitationem
562 451 785 515 quidem
820 450 1030 502 doloris
1062 450 1242 513 ipsam
1277 445 1375 512 per
1407 460 1467 499 se
1499 446 1793 510 quisquam

102 529 156 578 in
190 527 354 578 rebus
388 525 713 590 expetendis
747 525 978 589 putavit,
1009 524 1115 575 nisi
1148 523 1315 574 etiam
1346 522 1555 573 evitare
1588 525 1794 584 posset.

56 619 79 653 5
102 607 158 653 at
187 609 321 652 vero
355 601 537 652 facere
568 601 770 658 omnia,
800 604 861 651 ut
892 599 1282 662 adipiscamur,
1315 610 1457 660 quae
1489 595 1794 647 secundum

105 681 359 727 naturam
405 676 528 733 sint,
574 675 740 725 etiam
789 674 833 725 si
879 687 945 724 ea
990 687 1102 723 non
1148 684 1528 734 assequamur,
1568 669 1624 720 id
1671 682 1795 720 esse

102 756 156 801 et
197 751 492 801 honestum
536 755 591 800 et
633 748 813 800 solum
856 762 954 811 per
998 761 1056 798 se
1097 746 1470 810 expetendum
1513 750 1567 796 et
1611 743 1792 795 solum

103 825 309 876 bonum
345 824 514 876 Stoici
553 824 757 874 dicunt.

1828 853 1862 904 8

175 899 283 951 Sex
322 901 490 964 igitur
527 900 633 967 hae
671 905 800 951 sunt
837 898 1116 962 simplices
1157 897 1226 949 de
1264 910 1482 948 summo
1520 895 1793 947 bonorum
1830 926 1882 967 21

37 991 80 1026 10
103 974 487 1039 malorumque
529 975 849 1032 sententiae,
894 973 1038 1024 duae
1080 973 1198 1024 sine
1239 977 1490 1035 patrono,
1535 974 1796 1034 quattuor

105 1048 384 1101 defensae.
452 1049 670 1100 iunctae
727 1053 913 1099 autem
968 1053 1023 1099 et
1093 1046 1344 1110 duplices
1416 1044 1795 1108 expositiones

104 1124 304 1175 summi
342 1123 473 1174 boni
513 1129 624 1175 tres
661 1123 887 1174 omnino
925 1122 1164 1189 fuerunt,
1201 1134 1304 1172 nec
1337 1115 1470 1171 vero
1509 1119 1711 1183 plureS,
1750 1118 1796 1169 si

104 1199 325 1261 penitus
366 1212 547 1249 rerum
590 1203 844 1249 naturam
884 1196 1095 1255 videas,
1135 1208 1259 1247 esse
1300 1198 1614 1258 potuerunt.
1666 1206 1794 1243 nam

103 1278 199 1324 aut
234 1272 498 1336 voluptas
537 1272 767 1335 adiungi
805 1276 989 1335 potest
1025 1270 1096 1320 ad
1135 1270 1498 1327 honestatem,
1535 1273 1596 1319 ut
1634 1266 1796 1319 Calli-

39 1364 81 1399 15
105 1347 298 1411 phonti
330 1346 787 1410 Dinomachoque
820 1345 1042 1409 placuit,
1072 1349 1169 1396 aut
1199 1343 1410 1395 doloris
1441 1343 1707 1401 vacuitas,
1737 1346 1799 1393 ut

106 1421 370 1480 Diodoro,
402 1426 499 1472 aut
530 1422 709 1484 prima
738 1425 985 1478 naturae,
1014 1424 1076 1470 ut
1107 1418 1365 1482 antiquis,
1397 1430 1537 1481 quos
1569 1416 1796 1468 eosdem

105 1495 471 1547 Academicos
511 1501 564 1546 et
606 1495 1001 1558 Peripateticos
1043 1492 1469 1544 nominavimus.
1522 1490 1620 1542 sed
1664 1504 1798 1553 quo-

104 1571 253 1622 niam
300 1584 411 1622 non
460 1575 698 1634 possunt
742 1569 929 1621 omnia
974 1567 1138 1619 simul
1187 1567 1310 1626 dici,
1355 1566 1493 1617 haec
1537 1566 1593 1616 in
1639 1579 1796 1629 prae-

107 1645 283 1696 sentia
326 1650 459 1696 nota
503 1658 626 1695 esse
670 1643 964 1701 debebunt,
1006 1642 1353 1706 voluptatem
1399 1639 1797 1694 semovendam

38 1737 83 1772 20
106 1733 244 1777 esse,
284 1718 509 1782 quando
550 1718 622 1770 ad
661 1718 874 1770 maiora
913 1716 1202 1781 quaedam,
1242 1721 1304 1767 ut
1341 1716 1451 1767 iam
1490 1714 1797 1778 apparebit,

106 1794 220 1846 nati
258 1808 467 1845 sumuS.
516 1793 585 1844 de
619 1793 897 1844 vacuitate
933 1791 1143 1843 doloris
1181 1791 1376 1842 eadem
1413 1789 1529 1841 fere
1566 1789 1673 1840 dici
1696 1803 1799 1854 ‚soe

106 1867 233 1927 lent,
282 1881 423 1932 quae
471 1867 541 1920 de
585 1867 890 1930 voluptate.
944 1862 1210 1933 {Quando
1272 1865 1442 1928 igitur
1486 1863 1655 1916 etde
1700 1877 1798 1915 vo·-

106 1942 319 2006 luptate
366 1956 490 1995 cum
537 1941 819 2005 Torquato
865 1946 918 1992 et
963 1940 1032 1991 de
1078 1940 1383 1997 honestate,
1430 1939 1485 1989 in
1530 1952 1643 2002 qua
1686 1951 1798 1989 una

106 2030 270 2069 omne
307 2017 515 2068 bonum
555 2020 867 2079 poneretur,
906 2029 1029 2066 cum
1067 2013 1275 2066 Catone
1314 2018 1398 2065 est
1432 2013 1798 2076 disputatum,

39 2110 84 2146 25
107 2092 362 2155 primum,
408 2104 550 2154 quae
596 2095 786 2142 contra
828 2089 1175 2152 voluptatem
1221 2088 1368 2139 dicta
1414 2093 1556 2146 sunt,
1600 2087 1797 2138 eadem

107 2165 223 2218 fere
258 2165 463 2216 cadunt
499 2170 690 2216 contra
722 2164 1057 2215 vacuitatem
1093 2157 1340 2229 doloris]
1389 2175 1490 2213 nec
1521 2175 1654 2213 vero
1689 2161 1799 2211 alia

108 2245 235 2292 sunt
270 2238 587 2302 quaerenda
623 2243 814 2289 contra
850 2237 1227 2288 Carneadeam
1262 2236 1416 2287 illam
1452 2236 1796 2287 sententiam.

107 2327 456 2377 quocumque
481 2314 626 2365 enim
652 2312 822 2364 modo
849 2325 1126 2364 summum
1150 2311 1365 2363 bonum
1387 2311 1466 2362 sic
1488 2311 1798 2373 exponitur,

108 2394 168 2439 ut
208 2388 265 2438 id
307 2393 466 2439 vacet
505 2388 810 2445 honestate,
850 2400 952 2437 nec
992 2384 1186 2437 officia
1225 2399 1328 2437 nec
1365 2385 1598 2436 virtutes
1640 2385 1695 2435 in
1732 2398 1799 2436 ea

41 2463 321 2518 soratione
367 2476 469 2513 nec
523 2461 798 2513 amicitiae
854 2465 1107 2512 constare
1163 2465 1414 2523 possunt.
1484 2459 1797 2510 coniunctio

109 2542 291 2588 autem
334 2550 456 2588 cum
496 2536 786 2587 honestate
822 2534 919 2587 vel.
948 2534 1255 2597 voluptatis
1294 2533 1383 2586 vel
1420 2548 1531 2585 non
1571 2533 1797 2585 dolendi

110 2611 166 2661 id
190 2611 374 2674 ipsum
397 2610 708 2668 honestum,
732 2608 882 2672 quod
905 2608 1164 2672 amplecti
1187 2607 1322 2667 vult,
1344 2607 1401 2659 id
1423 2607 1601 2659 efficit
1624 2613 1801 2671 turpe.

181 2769 208 2810 4
239 2769 328 2810 nisi
357 2769 458 2810 Urs.
491 2778 551 2809 ne
583 2769 622 2808 si
725 2766 753 2807 6
785 2770 891 2807 sunt
922 2766 1004 2808 BE
1114 2765 1142 2808 9
1174 2766 1263 2807 hee
1294 2764 1343 2812 E,
1376 2765 1406 2806 h
1432 2760 1508 2815 (=
1527 2761 1662 2815 haec)
1688 2764 1726 2806 R

106 2839 286 2870 summo
319 2827 550 2869 BERNV
581 2838 761 2869 summa
793 2827 907 2868 dett.
1066 2825 1121 2867 10
1154 2827 1350 2875 quatuor
1380 2824 1572 2866 defense
1605 2826 1801 2874 quatuor

106 2887 192 2928 BE
347 2887 400 2928 17
433 2887 773 2928 nominavimus
805 2885 940 2927 BER
973 2881 1051 2937 (cf.
1080 2897 1128 2937 ρ.
1155 2889 1242 2934 158,
1267 2888 1320 2925 30
1344 2880 1465 2936 sqq.)
1507 2885 1799 2924 nominamus

106 2946 198 2988 NV
341 2943 578 2997 quoniam]
615 2944 708 2996 (ιι-ιδ
740 2946 778 2987 R
917 2945 1094 2986 22—-26
1126 2946 1232 2986 secl.
1256 2944 1503 2986 Nissenius
1535 2940 1644 2993 (sec.
1672 2940 1801 2994 Gz.),·

108 3007 165 3058 cf.
189 3006 356 3049 Mutet.
382 3018 482 3051 var.
508 3007 611 3048 lect.
629 3009 701 3055 14,
717 3009 769 3047 20
855 3057 865 3061 φ
889 3005 946 3049 32
979 3005 1026 3047 id
1058 3001 1196 3057 (post
1225 3001 1339 3055 vult)
1372 3015 1463 3046 om.
1487 3003 1626 3045 RNV

1833 2175 1888 2215 22
