2002 3068
74 52 101 108 ξ
130 52 305 100 26—30
587 49 672 97 DE
705 46 959 97 FINIBUS
992 45 1142 98 BON.
1176 50 1254 96 ΕΤ
1287 43 1439 96 MAL.
1792 52 1856 108 13

163 202 306 246 recta
338 194 619 259 permulta.
666 207 813 244 nunc
846 192 1025 243 dicam
1060 192 1129 244 de
1153 193 1452 255 voluptate,
1484 191 1619 242 nihil
1653 191 1858 242 scilicet

162 271 308 330 novi,
350 284 415 321 ea
446 275 646 329 tamen,
686 281 830 332 quae
869 273 923 318 te
956 268 1136 330 ipsum
1180 268 1533 330 probaturum
1575 280 1697 317 esse
1731 280 1857 317 con-

162 344 344 396 fidam.

238 419 406 480 Certe,
439 420 679 483 inquam,
713 418 957 481 pertinax
990 431 1103 468 non
1130 431 1222 468 ero
1248 417 1471 480 tibique,
1506 418 1550 467 si
1577 416 1709 467 mihi
1738 430 1856 478 pro·
1891 420 1947 461 29

0 534 1 541 ,
115 507 137 540 5
162 495 319 545 babis
354 509 433 554 ea,
468 507 611 558 quae
644 493 808 552 diceS‚
842 492 1071 542 libenter
1104 493 1383 543 assentiar.

0 555 7 631 K
235 570 501 628 Probabo,
528 569 716 631 inquit,
741 567 911 618 modo
938 567 1041 618 ista
1067 568 1141 617 sis
1167 568 1457 630 aequitate,
1486 581 1652 630 quam
1679 572 1857 617 osten-

6 647 7 651 ’
162 645 259 695 dis,
314 644 412 695 sed
445 644 521 695 uti
556 643 801 694 oratione
841 647 1104 705 perpetua
1136 642 1283 693 malo
1317 655 1484 705 quam
1527 642 1857 706 interrogare

161 724 253 770 aut
285 718 615 782 interrogari.

4 855 5 858 ,
235 793 304 845 Ut
338 794 529 857 placet,
564 794 804 856 inquam.

4 865 5 875 ¹
93 881 136 917 10
234 868 373 920 Tum
415 869 594 919 dicere
635 881 860 918 exorsus
902 873 996 918 est.
1051 868 1290 918 Primum
1331 867 1505 930 igitur,
1550 868 1739 930 inquit,
1780 868 1858 917 sic
1891 864 1924 913 9

159 958 337 1007 agam,
378 949 436 995 ut
475 944 579 1007 ipsi
619 943 825 993 auctori
859 942 1020 993 huius
1055 942 1378 1005 disciplinae
1419 941 1617 1004 placet:
1660 943 1858 993 consti-

158 1024 324 1078 tuam,
357 1019 489 1082 quid
524 1023 576 1069 et
609 1017 772 1082 quale
805 1018 872 1067 sit
905 1017 975 1076 id,
1009 1017 1078 1068 de
1105 1031 1216 1081 quo
1244 1018 1572 1081 quaerimus,
1606 1031 1718 1068 non
1746 1032 1856 1081 quo

159 1095 409 1158 ignorare
452 1108 554 1145 vos
599 1093 832 1150 arbitrer,
877 1092 975 1142 sed
1020 1098 1078 1143 ut
1122 1094 1330 1146 ratione
1376 1097 1427 1143 et
1466 1093 1557 1142 via
1598 1092 1858 1155 procedat

0 1160 2 1228 K
160 1170 347 1220 oratio,
395 1170 708 1232 quaerimus
734 1167 907 1230 igitur,
942 1167 1073 1230 quid
1100 1169 1167 1218 sit
1201 1175 1502 1220 extremum
1529 1172 1581 1217 et
1606 1167 1856 1217 ultimum

94 1255 136 1290 15
160 1244 446 1303 bonorum,
487 1243 638 1308 quod
673 1242 920 1293 omnium
958 1242 1416 1305 philosophorum
1449 1242 1720 1292 sententia
1750 1242 1859 1292 tale

161 1318 325 1369 debet
369 1333 506 1378 esse,
562 1323 620 1368 ut
667 1317 737 1368 ad
786 1315 841 1366 id
890 1318 1076 1368 omnia
1131 1317 1309 1369 referri
1359 1322 1621 1382 oporteat,
1676 1317 1857 1379 ipsum

160 1398 343 1445 autem
396 1407 685 1457 nusquam.
771 1391 877 1442 hoc
923 1391 1184 1454 Epicurus
1240 1395 1294 1443 in
1349 1393 1634 1455 voluptate
1690 1393 1858 1455 ponit,

161 1468 312 1531 quod
346 1482 622 1519 summum
656 1469 865 1518 bonum
901 1480 1023 1518 esse
1055 1467 1185 1527 vult,
1222 1481 1612 1530 summumque
1651 1467 1858 1517 malum

162 1543 424 1602 dolorem,
474 1543 641 1606 idque
682 1542 910 1592 instituit
950 1541 1148 1593 docere
1188 1544 1286 1594 sic:
1328 1557 1493 1594 omne
1533 1541 1752 1602 animal,
1792 1544 1859 1592 si·
1893 1549 1948 1590 3ο

92 1628 137 1664 20
161 1618 274 1667 mul
308 1623 472 1681 atque
506 1623 694 1668 natum
728 1618 808 1677 sit,
848 1617 1189 1680 voluptatem
1226 1624 1485 1681 appetere
1518 1631 1696 1680 eaque
1728 1631 1861 1681 gau-

161 1692 290 1743 dere
322 1698 380 1744 ut
411 1707 628 1743 summo
663 1693 836 1752 bon0,
878 1691 1125 1743 dolorem
1166 1694 1443 1756 aspernari
1483 1699 1542 1743 ut
1582 1706 1858 1742 summum

162 1767 367 1818 malum
403 1773 469 1827 et,
502 1773 767 1831 quantum
803 1768 990 1831 possit,
1023 1781 1057 1817 a
1089 1781 1148 1818 se
1181 1768 1457 1831 repellere,
1490 1767 1657 1831 idque
1683 1767 1860 1818 facere

161 1842 409 1893 nondum
445 1843 803 1905 depravatum
846 1844 967 1905 ipsa
1006 1847 1198 1893 natura
1237 1844 1545 1906 incorrupte
1585 1847 1750 1905 atque
1784 1843 1860 1892 in-

159 1922 309 1981 tegre
343 1917 631 1968 iudicante.
689 1919 874 1981 itaque
907 1922 1073 1981 negat
1106 1931 1246 1980 opus
1281 1932 1403 1969 esse
1435 1918 1645 1968 ratione
1677 1931 1859 1981 neque

93 2002 137 2038 25
162 1991 547 2055 disputatione,
581 2006 747 2055 quam
775 1994 846 2044 ob
873 2007 986 2043 rem
1010 1991 1267 2055 voluptas
1295 1992 1617 2056 expetenda,
1650 1992 1859 2056 fugien-

162 2066 264 2117 dus
299 2066 455 2118 dolor
488 2068 568 2118 sit.
626 2069 809 2118 sentiri
842 2068 980 2118 haec
1013 2072 1179 2129 putat,
1224 2073 1283 2118 ut
1323 2067 1499 2118 calere
1539 2068 1740 2131 ignem,
1781 2068 1859 2117 ni-

159 2155 287 2192 vem
322 2156 443 2192 esse
477 2142 675 2201 albam,
710 2142 869 2193 dulce
902 2141 1025 2192 mel.
1074 2155 1307 2204 quorum
1333 2142 1467 2192 nihil
1494 2148 1745 2205 oportere
1771 2157 1860 2193 ex-

163 2217 376 2279 quisitis
410 2217 711 2268 rationibus
746 2217 1080 2275 confirmare,
1114 2222 1323 2267 tantum
1357 2218 1488 2268 satis
1522 2231 1645 2268 esse
1670 2217 1859 2268 admo-

161 2305 304 2342 nere.
361 2293 622 2342 interesse
657 2293 802 2342 enim
837 2293 972 2342 inter
1004 2297 1387 2355 argumentum
1422 2292 1858 2343 conclusionem-

92 2376 138 2411 30
163 2380 269 2428 que
288 2367 510 2417 rationis
531 2372 582 2417 et
607 2367 743 2417 inter
767 2366 1099 2417 mediocrem
1130 2367 1667 2419 animadversionem
1694 2373 1859 2431 atque

162 2440 611 2492 admonitionem.
667 2441 835 2492 altera
868 2441 1080 2492 occulta
1114 2441 1388 2504 quaedam
1422 2447 1475 2493 et
1514 2443 1673 2505 quasi
1706 2443 1859 2493 invo-

163 2514 276 2566 luta
307 2517 516 2578 aperiri,
557 2516 724 2567 altera
757 2521 1009 2579 prompta
1050 2520 1101 2566 et
1141 2521 1328 2579 aperta
1360 2517 1600 2568 iudicari.
1657 2518 1857 2567 etenim

166 2591 427 2652 quoniam
463 2591 715 2641 detractis
750 2591 819 2641 de
852 2591 1077 2642 homine
1103 2592 1356 2642 sensibus
1385 2591 1577 2655 reliqui
1603 2591 1737 2641 nihil
1764 2598 1859 2650 est,

237 2722 294 2763 26
325 2720 459 2773 haec]
490 2724 523 2764 h
555 2723 639 2764 BE
676 2724 767 2765 hoc
798 2724 889 2765 NV
1018 2724 1073 2765 27
1108 2724 1241 2766 dulce
1274 2736 1378 2766 esse
1412 2725 1502 2766 mel
1533 2725 1571 2767 R
1604 2725 1693 2766 mel
1725 2725 1860 2766 dulce

163 2781 205 2822 A
326 2786 539 2833 oportere
562 2783 605 2824 V
635 2787 867 2834 oporteret
988 2783 1044 2824 28
1076 2787 1250 2825 tantum
1283 2796 1373 2826 om.
1406 2784 1489 2825 BE
1610 2795 1715 2826 esse
1748 2786 1859 2826 satis

164 2840 206 2882 A
312 2841 369 2882 29
402 2843 519 2884 inter
549 2854 639 2885 om.
672 2843 755 2884 BE
865 2846 1279 2894 argumentumque
1311 2844 1394 2886 BE
1426 2847 1794 2895 argumentatum
1822 2845 1859 2886 R

124 2934 130 2940 .
165 2905 508 2951 augmentatum
542 2902 583 2943 A
705 2903 762 2945 32
796 2906 973 2954 promta
1005 2903 1095 2945 AR
1217 2904 1407 2946 indicari
1440 2905 1532 2946 NV
