2046 3138
42 155 71 207 5
97 157 271 201 33-37
386 211 389 214 Δ
549 148 921 198 ΒΕῬΙΝῙΒΗὸ
954 147 1105 196 BON.
1136 147 1217 195 ET
1249 145 1402 194 MAL.
1726 150 1828 201 173

135 298 320 345 tamen
358 292 414 343 in
455 303 686 354 corpore
723 290 1002 341 immutari
1040 288 1281 340 hominis
1320 292 1520 338 natura
1555 284 1827 337 videatur.

136 369 323 431 itaque
373 379 404 418 e
456 365 732 417 contrario
781 364 1054 416 moderati
1105 361 1537 427 aequabilesque
1590 359 1829 417 habitus,
1863 366 1920 408 36

136 441 468 493 affectiones
517 453 764 503 ususque
815 439 1064 502 corporis
1113 438 1228 501 apti
1278 450 1402 488 esse
1451 435 1523 486 ad
1573 439 1829 486 naturam

134 515 407 567 videntur.

90 605 113 639 5
210 589 324 641 Iam
356 603 491 641 vero
526 590 745 640 animus
777 602 890 639 non
923 600 1047 639 esse
1083 586 1279 646 solum,
1314 586 1412 637 sed
1446 585 1614 638 etiam
1649 584 1830 635 cuius-

138 665 267 716 dam
300 664 455 715 modi
491 663 655 715 debet
687 676 826 722 esse,
859 667 921 714 ut
954 667 1009 714 et
1042 662 1223 713 omnis
1257 661 1431 724 partis
1467 673 1599 711 suas
1627 658 1831 709 habeat

137 739 431 791 incolumis
463 743 518 790 et
550 738 620 790 de
650 737 950 790 virtutibus
981 735 1136 787 nulla
1170 736 1327 787 desit.
1370 740 1537 798 atque
1568 734 1624 784 in
1658 733 1831 784 sensi-

136 814 242 865 bus
275 819 360 866 est
394 827 497 865 sua
530 813 797 876 cuiusque
828 812 1021 870 virtuS,
1055 816 1117 862 ut
1149 825 1218 862 ne
1253 809 1386 874 quid
1420 808 1690 872 impediat
1712 820 1830 871 quo

135 889 320 940 minus
355 902 458 939 suo
495 901 692 940 sensus
727 887 962 950 quisque
994 899 1222 937 munere
1257 884 1526 948 fungatur
1556 884 1613 933 in
1647 883 1715 933 iis
1749 895 1831 933 re-

73 978 116 1013 ιο
137 963 242 1014 bus
275 962 523 1014 celeriter
554 961 923 1026 expediteque
956 959 1342 1024 percipiendiS‚
1376 972 1518 1022 quae
1553 957 1832 1009 subiectae

139 1043 267 1089 sunt
298 1037 570 1089 sensibus.
613 1036 783 1087 animi
813 1040 1000 1087 autem
1031 1040 1086 1086 et
1115 1035 1236 1086 eius
1266 1034 1436 1084 animi
1467 1033 1657 1096 partis,
1690 1044 1832 1095 quae
1857 1021 1922 1070 13

139 1113 396 1176 princeps
442 1117 541 1171 est,
589 1124 842 1175 quaeque
886 1123 1044 1161 mens
1087 1110 1421 1167 nominatur,
1469 1106 1657 1171 plures
1704 1111 1834 1157 sunt

137 1188 386 1245 virtutes,
432 1186 531 1238 sed
579 1186 691 1237 duo
736 1185 916 1249 prima
956 1198 1176 1248 genera,
1222 1197 1394 1234 unum
1438 1196 1644 1240 earum,
1690 1194 1832 1244 quae

138 1263 533 1325 ingenerantur
559 1265 758 1324 suapte
784 1265 985 1311 natura
1010 1258 1474 1323 appellanturque
1499 1270 1611 1308 non
1640 1255 1831 1307 volun-

73 1352 116 1389 15
139 1336 327 1394 tariae‚
352 1335 587 1387 alterum
613 1340 799 1386 autem
824 1348 1031 1391 earum,
1057 1346 1199 1396 quae
1224 1333 1280 1383 in
1303 1331 1593 1384 voluntate
1617 1330 1834 1393 positae

136 1410 316 1474 magis
346 1410 575 1474 proprio
603 1410 828 1461 nomine
856 1407 1128 1472 appellari
1159 1407 1354 1465 solent,
1383 1419 1617 1469 quarum
1647 1409 1732 1456 est
1746 1421 1834 1458 ex-

139 1484 342 1536 cellens
370 1485 426 1535 in
453 1485 765 1535 animorum
795 1482 961 1533 laude
989 1482 1345 1546 praestantia.
1385 1480 1585 1544 prioris
1613 1479 1832 1543 gene-ris

139 1564 224 1610 est
239 1558 510 1617 docilitas,
534 1559 826 1615 memoria;
854 1571 995 1620 quae
1022 1556 1138 1607 iere
1153 1556 1340 1607 omnia
1354 1554 1708 1619 appellantur
1721 1567 1833 1604 uno

140 1635 346 1698 ingenii
383 1634 622 1692 nomine,
659 1646 867 1697 easque
901 1633 1135 1684 virtutes
1172 1631 1265 1694 qui
1303 1630 1523 1689 habent,
1559 1629 1833 1692 ingeniosi

73 1719 424 1760 zovocantur.
474 1707 710 1760 alterum
762 1713 948 1759 autem
999 1719 1177 1770 genus
1226 1710 1311 1759 est
1362 1718 1692 1768 magnarum
1742 1717 1835 1754 ve-

141 1797 437 1847 rarumque
476 1783 760 1842 virtutum,
803 1796 942 1846 quas
981 1779 1333 1844 appellamus
1372 1779 1733 1837 voluntarias,
1778 1783 1836 1829 ut

141 1857 510 1921 prudentiam,
551 1857 991 1920 temperantiam,
1033 1853 1435 1913 fortitudinem,
1475 1853 1743 1904 iustitiam
1783 1859 1837 1903 et

141 1931 383 1996 reliquas
412 1932 663 1983 eiusdem
693 1931 928 1995 generiS.

214 2009 279 2061 Et
322 2009 640 2061 summatim
686 2007 912 2072 quidem
953 2006 1092 2059 haec
1130 2011 1287 2058 erant
1332 2006 1401 2056 de
1444 2018 1675 2068 corpore
1717 2005 1834 2055 ani-

74 2097 344 2148 25moque
393 2083 644 2142 dicenda,
695 2082 897 2146 quibus
947 2081 1105 2144 quasi
1154 2080 1516 2132 informatum
1567 2084 1652 2131 est
1701 2078 1834 2142 quid

143 2158 382 2209 hominis
412 2163 611 2209 natura
642 2156 901 2220 postulet.
945 2169 1013 2206 ex
1045 2169 1154 2218 quo
1188 2155 1542 2218 perspicuum
1574 2158 1673 2212 est,
1700 2166 1834 2216 quo·
1868 2160 1923 2201 37

141 2233 290 2283 niam
334 2233 442 2296 ipsi
486 2247 520 2283 a
560 2231 723 2283 nobis
767 2230 1067 2294 diligamur
1109 2230 1408 2294 omniaque
1450 2234 1504 2282 et
1546 2229 1601 2280 in
1645 2229 1833 2279 animo

142 2313 197 2359 et
242 2308 299 2358 in
347 2320 579 2370 corpore
625 2305 872 2370 perfecta
916 2304 1154 2356 velimus
1200 2318 1340 2363 esse,
1387 2317 1454 2356 ea
1498 2303 1662 2355 nobis
1709 2303 1836 2366 ipsa

143 2395 270 2433 cara
315 2395 438 2433 esse
486 2385 714 2444 propter
758 2393 817 2431 se
860 2384 915 2431 et
961 2380 1016 2431 in
1061 2379 1130 2430 iis
1173 2392 1299 2432 esse
1344 2378 1417 2429 ad
1451 2377 1599 2430 'bene
1638 2377 1834 2429 viven-

75 2472 121 2507 30
144 2455 278 2507 dum
321 2460 604 2507 momenta
646 2455 904 2505 maxima.
956 2467 1086 2505 nam
1128 2454 1215 2505 cui
1259 2453 1551 2517 proposita
1594 2453 1665 2505 sit
1708 2465 1836 2503 con-

145 2531 387 2582 servatio
421 2530 522 2588 sui,
555 2542 782 2581 necesse
812 2534 897 2580 est
926 2528 1055 2579 huic
1087 2533 1273 2592 partes
1306 2540 1528 2592 quoque
1560 2527 1645 2578 sui
1680 2540 1837 2577 caras

143 2618 267 2656 esse
315 2605 680 2667 carioresque,
730 2617 840 2667 quo
888 2602 1246 2667 perfectiores
1295 2603 1404 2654 sint
1451 2607 1506 2653 et
1552 2601 1733 2664 magis
1781 2601 1835 2650 in

222 2762 242 2802 1
278 2763 439 2802 mutari
471 2761 559 2802 BE
692 2761 718 2802 5
751 2762 990 2803 cuiusdam
1023 2758 1166 2810 modi]
1201 2761 1460 2803 cuiusmodi
1493 2758 1576 2800 BE
1714 2758 1740 2798 7
1773 2761 1838 2798 at-

144 2832 236 2873 que
267 2821 350 2863 BE
381 2823 508 2872 atqui
540 2820 632 2863 NV
664 2824 710 2862 at
741 2822 820 2872 qui
851 2821 890 2864 R
1012 2820 1067 2862 16
1100 2818 1303 2871 proprio]
1338 2820 1522 2871 proprie
1554 2829 1612 2860 eo
1645 2817 1764 2859 Dav.

143 2881 197 2922 21
225 2884 275 2922 ut
297 2874 362 2922 N²
386 2885 432 2922 et
507 2881 564 2923 23
589 2882 773 2932 generis
797 2881 1005 2923 eiusdem
1023 2880 1105 2922 BE
1182 2880 1240 2921 25
1266 2880 1379 2930 quid
1402 2878 1494 2921 NV
1519 2878 1647 2928 quod
1715 2877 1772 2918 27
1796 2881 1840 2918 et

145 2942 192 2981 ln
224 2941 379 2982 animo
412 2945 459 2982 et
496 2941 543 2981 in
584 2951 777 2992 corpore
808 2940 899 2983 NV
938 2943 984 2983 et
1015 2942 1171 2982 animo
1211 2943 1257 2981 et
1289 2949 1482 2989 corpore
1521 2934 1589 2986 (ln
1623 2938 1696 2979 bis
1728 2934 1838 2987 om.)

146 3000 228 3041 BE
260 3001 307 3040 ln
340 3001 495 3041 animo
529 3004 574 3041 et
606 3011 799 3051 corpore
830 2997 1009 3052 (priore
1041 3004 1087 3042 et
1118 3003 1166 3042 et
1193 3002 1372 3051 poster.
1406 2999 1454 3039 ln
1485 2994 1597 3048 om.)
1630 2997 1668 3039 R
