2046 3138
44 133 81 185 Ὶἓ
107 136 284 178 82-86
565 131 650 178 DE
684 132 937 179 F1N1131JS
971 131 1121 179 BON.
1156 133 1233 179 ET
1267 133 1420 179 MAL.
1778 141 1838 188 71

144 274 395 324 amicitiis
430 274 700 336 praesidii.
764 275 873 324 iam
916 276 1192 325 contemni
1227 289 1338 325 non
1382 276 1599 337 poteris,
1657 274 1846 324 odium

145 352 330 398 autern
365 353 418 399 et
451 348 713 398 invidiam
749 348 906 399 facile
938 350 1153 400 vitabis,
1217 349 1287 399 ad
1331 363 1425 400 eas
1467 350 1613 400 enim
1659 362 1743 399 res
1778 348 1847 397 ab

145 423 375 485 Epicuro
411 428 703 486 praecepta
728 423 938 474 dantur.
1002 429 1054 474 et
1087 429 1272 474 tamen
1298 425 1461 474 tantis
1485 423 1848 487 vectigalibus

146 497 218 547 ad
251 497 629 548 liberalitatem
664 503 822 550 utens
857 499 1021 548 etiam
1056 499 1174 549 sine
1209 499 1312 549 hac
1338 498 1579 562 Pyladea
1611 499 1850 548 amicitia

101 580 125 616 5
149 571 445 623 multorum
479 577 532 623 te
566 572 942 623 benivolentia
975 573 1251 635 praeclare
1283 574 1507 624 tuebere
1542 579 1595 624 et
1619 574 1850 623 munies,

150 641 238 696 ‘At
271 647 492 709 quicum
526 648 648 698 ioca
682 649 842 706 seria,
876 652 934 697 ut
968 647 1175 707 dicitur,
1210 650 1433 711 quicum
1468 661 1688 706 arcana,
1734 649 1850 711 qui-
1884 652 1940 692 85

147 735 272 771 cum
298 721 514 771 occulta
539 717 780 773 omnia?
824 722 1030 772 Tecum
1057 724 1278 785 optime,
1305 723 1508 773 deinde
1535 724 1698 773 etiam
1725 736 1849 772 cum

149 795 410 846 mediocri
444 797 637 848 amico.
694 796 792 847 sed
827 797 911 846 fac
943 798 1047 847 ista
1080 811 1202 848 esse
1228 812 1341 848 non
1367 799 1683 860 inportuna;
1718 797 1850 860 quid

149 870 220 920 ad
254 870 542 921 utilitatem
585 876 770 922 tantae
812 873 1118 934 pecuniae?
1179 873 1336 922 vides
1371 873 1546 935 igitur,
1590 873 1635 921 si
1669 873 1852 921 amici-

81 954 125 991 10
148 946 278 995 tiam
312 959 414 995 sua
457 946 677 997 caritate
718 947 956 1004 metiare,
1001 946 1134 996 nihil
1178 961 1300 997 esse
1343 948 1722 1009 praestantiuS,
1768 947 1851 996 sin

150 1019 541 1078 emolumento,
568 1034 813 1070 summas
839 1021 1230 1072 familiaritates
1250 1022 1599 1084 praediorum
1618 1021 1853 1072 fructuo-

148 1108 335 1145 sorum
368 1095 621 1145 mercede
654 1097 911 1158 superari.
975 1110 1064 1146 me
1098 1097 1259 1159 igitur
1291 1097 1473 1159 ipsum
1507 1110 1660 1146 ames
1695 1109 1853 1158 opor-

148 1173 238 1227 tet,
270 1183 384 1219 non
418 1183 557 1228 mea,
591 1171 635 1220 si
667 1171 781 1220 veri
815 1171 975 1220 amici
1010 1170 1170 1220 futuri
1205 1185 1411 1221 sumus,

224 1242 335 1294 Sed
377 1245 431 1294 in
465 1244 628 1295 rebus
661 1246 1018 1307 apertissimis
1045 1247 1276 1295 nimium
1302 1245 1454 1308 longi
1481 1260 1688 1295 sumus.
1737 1259 1854 1307 per·
1874 1238 1941 1286 27

82 1327 127 1364 1⁵
150 1318 291 1370 fecto
327 1320 473 1369 enim
501 1324 554 1369 et
579 1319 841 1370 concluso
869 1334 1052 1382 neque
1076 1320 1366 1370 virtutibus
1393 1334 1577 1383 neque
1603 1320 1854 1370 amicitiis

149 1407 385 1456 usquam
413 1393 596 1444 locum
624 1408 761 1452 esse,
795 1395 839 1444 si
867 1394 937 1444 ad
962 1394 1305 1457 voluptatem
1333 1396 1521 1445 omnia
1546 1394 1854 1452 referantur,

148 1467 282 1518 nihil
309 1473 590 1531 praeterea
616 1474 698 1519 est
722 1482 1061 1532 magnopere
1089 1469 1400 1520 dicendum.
1457 1483 1521 1519 ac
1551 1473 1751 1528 tamen,
1785 1483 1855 1519 ne

151 1543 238 1592 cui
283 1542 406 1594 loco
452 1557 565 1594 non
608 1543 862 1594 videatur
908 1558 1031 1594 esse
1076 1558 1419 1606 responsum,
1467 1558 1646 1606 pauca
1691 1545 1854 1594 etiam

149 1631 297 1667 nunc
340 1617 520 1667 dicam
565 1618 635 1667 ad
681 1617 947 1680 reliquam
995 1620 1299 1669 orationem
1345 1623 1511 1670 tuam.
1591 1620 1855 1682 quoniam
1890 1623 1947 1664 86

81 1692 312 1755 anigitur
345 1693 524 1742 omnis
567 1706 785 1742 summa
818 1692 1205 1755 philosophiae
1247 1694 1318 1743 ad
1359 1694 1520 1744 beate
1552 1694 1855 1744 vivendum

150 1766 386 1825 refertur,
430 1767 598 1829 idque
643 1781 814 1817 unum
860 1772 1180 1830 expetentes
1225 1768 1479 1819 homines
1525 1782 1585 1818 se
1631 1769 1701 1818 ad
1751 1768 1858 1818 hoc

151 1841 393 1891 studium
428 1841 789 1900 contulerunt,
834 1842 995 1892 beate
1041 1847 1225 1893 autem
1264 1844 1453 1893 vivere
1494 1842 1584 1892 alii
1632 1844 1686 1892 in
1732 1842 1856 1901 alio,

149 1930 252 1967 vos
286 1916 341 1965 in
372 1916 659 1978 voluptate
692 1917 910 1979 ponitiS,
944 1918 1073 1967 item
1101 1922 1289 1968 contra
1321 1919 1598 1968 miseriam
1633 1932 1857 1969 omnem

142 1991 205 2040 lin
239 1990 445 2049 dolore,
486 1991 541 2040 id
575 1992 810 2053 primum
841 1991 1147 2051 videamus,
1188 1992 1350 2043 beate
1394 1994 1582 2042 vivere
1615 1997 1856 2043 vestrum

81 2072 128 2110 2⁵
152 2064 316 2128 quale
349 2066 431 2116 sit.
488 2070 654 2128 atque
687 2065 794 2116 hoc
819 2066 1034 2124 dabitis,
1068 2071 1127 2116 ut
1151 2068 1362 2129 opinor,
1395 2068 1441 2117 si
1466 2067 1636 2117 modo
1671 2068 1740 2117 sit
1764 2067 1858 2117 ali-

151 2139 285 2202 quid
320 2153 443 2190 esse
477 2140 717 2198 beatum,
750 2140 806 2190 id
841 2145 1094 2203 oportere
1127 2146 1301 2192 totum
1336 2143 1469 2204 poni
1503 2143 1557 2191 in
1586 2146 1857 2204 potestate

151 2215 430 2276 sapientis,
486 2228 616 2264 nam
657 2216 702 2264 si
737 2216 908 2264 amitti
941 2216 1056 2265 vita
1088 2215 1251 2266 beata
1296 2220 1491 2279 potest,
1538 2216 1702 2266 beata
1735 2230 1858 2268 esse

150 2302 264 2339 non
299 2293 494 2351 potest.
551 2290 673 2352 quis
716 2290 861 2339 enim
904 2289 1131 2340 confidit
1171 2304 1388 2353 semper
1429 2290 1533 2341 sibi
1574 2290 1709 2341 illud
1753 2296 1857 2342 sta-

153 2363 262 2413 bile
297 2368 350 2413 et
382 2363 598 2413 firmum
633 2377 1064 2426 permansurum,
1098 2365 1249 2427 quod
1283 2365 1473 2428 fragile
1506 2370 1559 2416 et
1586 2365 1856 2416 caducum

80 2444 130 2482 ³0
152 2438 257 2489 sit?
319 2439 413 2500 qui
446 2443 632 2489 autem
666 2438 878 2488 diffidet
920 2441 1265 2502 perpetuitati
1307 2440 1581 2491 bonorum
1616 2454 1858 2498 suorum,

229 2539 248 2579 1
287 2541 504 2590 praesidii
544 2552 693 2591 mary.
727 2542 798 2582 ed.
833 2540 1117 2590 Cratandr.,·
1150 2542 1429 2591 praesidium
1562 2543 1588 2583 2
1631 2554 1701 2584 res
1734 2544 1857 2584 enim

151 2598 235 2639 BE
335 2599 362 2639 4
394 2599 713 2641 liberalitatem
739 2602 809 2642 ed.
830 2600 992 2642 Colon.
1013 2606 1117 2642 1467
1146 2602 1401 2643 libertatem
1495 2603 1633 2643 etiam
1662 2603 1712 2642 P.
1731 2603 1857 2643 Man.

153 2669 256 2700 eam
290 2654 414 2718 (gaggi
453 2653 536 2709 N2)
653 2659 679 2700 5
704 2661 894 2702 tuebere
926 2664 971 2701 et
996 2662 1177 2702 munies
1199 2662 1324 2703 Mdv.
1351 2663 1541 2703 tuebare
1568 2662 1748 2714 munies
1773 2661 1809 2702 B
1826 2662 1860 2702 E

153 2736 199 2774 et
221 2734 411 2775 tuebere
436 2738 481 2776 et
505 2735 686 2776 munies
703 2734 894 2777 ARNV
985 2735 1013 2776 8
1038 2736 1285 2786 inportuna
1301 2731 1472 2783 A¹BE,
1498 2736 1540 2778 V
1556 2733 1730 2787 (imp.);
1758 2738 1858 2778 ino-

154 2796 351 2842 poi-tuna
381 2790 633 2846 (superscr.
655 2796 817 2845 priore
842 2806 870 2836 ο
896 2796 958 2836 ab
983 2796 1068 2837 alt.
1095 2797 1149 2836 ut
1172 2797 1360 2837 videtur·
1383 2793 1531 2845 man.)
1556 2790 1622 2837 A²
1647 2797 1694 2836 in
1720 2807 1858 2847 opor·

153 2855 266 2899 tuna
295 2853 338 2894 N
370 2857 599 2904 oportuna
629 2854 668 2896 R
778 2854 831 2894 17
866 2858 1068 2896 attamen
1098 2855 1142 2896 V
1265 2855 1320 2896 19
1353 2853 1593 2906 quoniam]
1630 2855 1723 2906 ῳῖδ
1756 2854 1798 2897 Α

154 2911 213 2952 20
243 2923 423 2954 summa
455 2915 606 2955 omnis
638 2913 721 2954 BE
843 2914 900 2956 23
935 2915 1163 2956 miseriam
1197 2927 1286 2956 om.
1305 2915 1356 2956 R.
1465 2914 1521 2955 28
1554 2916 1643 2956 sibi
1675 2926 1862 2965 semper

156 2969 239 3011 BE
361 2972 419 3014 30
451 2973 619 3014 diffidit
652 2973 735 3015 BE
