2046 3138
63 139 92 192 δ
120 141 233 184 1-4
580 135 666 181 DE
698 132 951 180 FINIBUS
985 131 1135 179 BON.
1170 132 1247 178 ET
1281 132 1433 178 MAL.
1781 141 1851 190 87

153 279 493 342 lecebrisque
533 276 861 340 impediatur
894 274 1210 336 disputandi
1257 275 1534 325 severitas,
1590 288 1854 337 quaeren-
1888 279 1914 319 2

154 355 287 405 dum
322 358 404 404 est
436 353 598 410 enirn,
631 351 724 402 ubi
759 351 827 400 sit
860 349 993 400 illud
1028 363 1304 398 summum
1331 349 1556 407 bonum,
1590 348 1741 412 quod
1775 362 1854 400 re-

155 430 327 492 perire
358 426 632 485 volumuS‚
666 426 929 488 quoniam
964 428 1017 474 et
1040 423 1298 486 voluptas
1332 424 1402 474 ab
1429 437 1496 474 eo
1523 429 1734 474 remota
1759 428 1854 482 est,

156 509 209 555 et
241 502 436 555 eadem
470 501 580 552 fere
614 505 801 551 contra
834 513 931 550 eos
965 498 1070 548 dici
1106 503 1352 561 possunt,
1397 499 1490 561 qui
1523 499 1854 549 vacuitatem

108 587 132 622 5
155 578 360 629 doloris
393 577 560 627 finem
594 575 860 626 bonorem
895 586 1018 623 esse
1050 572 1356 631 voluerunt,
1390 587 1493 623 nec
1515 587 1648 624 vero
1683 573 1855 623 ullum

156 651 413 715 probetur
443 643 732 712 (oportet)
770 662 1047 698 summum
1083 647 1307 706 bonum,
1349 647 1500 710 quod
1532 649 1729 698 virtute
1771 661 1856 697 ca-

156 731 284 784 reat,
317 739 428 788 qua
460 724 593 775 nihil
628 727 809 786 potest
842 736 964 772 esse
1006 723 1384 784 praestantius,
1440 723 1626 785 itaque
1667 735 1856 785 quam-

157 815 323 864 quam
365 802 419 850 in
462 813 529 850 eo
569 811 838 855 sermone,
884 798 978 860 qui
1019 811 1143 846 cum
1178 796 1456 859 Torquato
1500 802 1582 846 est
1622 796 1856 854 habituS‚

156 890 269 927 non
302 875 514 925 remissi
547 873 764 930 fuimus,
798 877 982 922 tamen
1017 871 1155 921 haec
1187 872 1360 921 acrior
1393 876 1474 921 est
1507 885 1631 921 cum
1659 869 1855 921 Stoicis

90 958 134 995 10
158 955 347 1013 parata
379 949 672 1000 contentio,
721 960 864 1009 quae
899 947 1045 996 enim
1079 946 1149 996 de
1172 945 1458 1008 voluptate
1492 946 1756 1004 dicuntur,
1791 959 1858 996 ea

155 1038 259 1075 nec
290 1024 605 1074 acutissime
630 1036 732 1072 nec
758 1020 1080 1072 abscondite
1107 1020 1466 1078 disseruntur;
1501 1034 1683 1083 neque
1710 1022 1855 1071 enim

156 1100 250 1162 qui
284 1098 587 1149 defendunt
620 1110 742 1147 eam
774 1097 978 1146 versuti
1013 1096 1066 1145 in
1101 1094 1423 1146 disserendo
1458 1100 1584 1144 sunt
1628 1109 1731 1146 nec
1763 1097 1856 1158 qui

157 1178 346 1225 contra
378 1173 565 1223 dicunt
605 1184 829 1221 causam
871 1169 1148 1220 difficilem
1181 1169 1464 1232 repellunt.
1533 1171 1652 1232 ipse
1694 1171 1856 1220 etiam
1892 1174 1918 1215 3

158 1248 289 1298 dicit
319 1247 582 1310 Epicurus
615 1260 685 1296 ne
719 1244 1215 1308 argumentandum
1251 1244 1475 1306 quidem
1511 1258 1633 1294 esse
1668 1244 1737 1295 de
1762 1258 1858 1294 vo-

91 1331 136 1367 15
159 1322 381 1385 luptate,
416 1321 566 1384 quod
593 1322 662 1370 sit
695 1321 934 1382 positum
968 1319 1230 1368 iudicium
1266 1320 1382 1368 eius
1416 1320 1471 1368 in
1498 1319 1766 1377 sensibuS,
1801 1323 1859 1368 ut

159 1397 497 1448 commoneri
523 1410 626 1446 nos
652 1396 782 1444 satis
809 1395 890 1452 sit,
915 1393 1049 1443 nihil
1075 1394 1301 1443 attineat
1326 1393 1524 1443 doceri.
1573 1407 1742 1455 quare
1768 1393 1859 1443 illa

159 1471 321 1522 nobis
354 1470 587 1533 simplex
620 1469 718 1519 fuit
750 1470 804 1519 in
838 1474 1126 1530 utramque
1152 1473 1360 1530 partem
1387 1467 1701 1530 disputatio.
1757 1481 1860 1519 nec

160 1547 307 1597 enim
333 1547 389 1596 in
407 1545 667 1608 Torquati
693 1556 947 1594 sermone
965 1544 1261 1606 quicquam
1287 1542 1625 1604 implicatum
1645 1548 1739 1592 aut
1756 1548 1860 1593 tor-

160 1625 383 1672 tuosum
409 1620 522 1677 fuit,
554 1623 866 1680 nostraque,
900 1622 959 1667 ut
983 1617 1116 1666 mihi
1141 1617 1369 1675 videtur,
1403 1616 1645 1667 dilucida
1670 1619 1859 1667 oratio.

91 1703 138 1740 20
161 1694 469 1746 Stoicorum
503 1698 687 1743 autem
720 1707 833 1743 non
868 1694 1088 1755 ignoras
1122 1705 1288 1753 quam
1314 1692 1383 1741 sit
1415 1691 1614 1741 subtile
1638 1692 1727 1742 vel
1754 1693 1861 1754 spi-

160 1783 360 1820 nosum
388 1770 570 1831 potius
597 1766 900 1817 disserendi
926 1779 1118 1829 genuS,
1151 1766 1318 1828 idque
1345 1780 1470 1815 cum
1497 1764 1718 1816 Graecis
1745 1771 1859 1816 tum

160 1845 338 1908 magis
378 1843 556 1901 nobiS,
596 1842 796 1905 quibus
838 1842 1002 1891 etiam
1035 1840 1204 1891 verba
1244 1840 1508 1902 parienda
1547 1846 1674 1891 sunt
1705 1842 1861 1904 inpo-

160 1918 457 1981 nendaque
474 1930 623 1968 nova
638 1917 801 1966 rebus
819 1917 980 1966 novis
998 1916 1238 1965 nomina.
1280 1915 1431 1977 quod
1450 1915 1674 1978 quidem
1693 1930 1858 1966 nemo

161 1993 504 2043 mediocriter
530 1991 724 2042 doctus
757 1990 1037 2040 mirabitur
1062 1990 1309 2053 cogitans
1343 1990 1398 2039 in
1425 1991 1576 2040 omni
1609 1995 1737 2048 arte,
1771 2004 1860 2039 cu-

92 2075 139 2113 κ
162 2068 246 2118 ius
279 2081 412 2117 usus
444 2066 686 2129 vulgaris
720 2065 1141 2127 communisque
1174 2078 1286 2114 non
1320 2065 1402 2122 sit,
1444 2064 1672 2114 multam
1707 2066 1861 2115 novi-

161 2146 328 2192 tatem
361 2142 649 2191 nominum
683 2153 820 2198 esse,
862 2153 986 2189 cum
1032 2140 1428 2189 constituantur
1462 2152 1647 2188 earum
1682 2153 1859 2189 rerum

160 2215 450 2274 vocabula,
477 2228 620 2278 quae
646 2215 700 2264 in
727 2227 949 2276 quaque
975 2218 1087 2263 arte
1111 2218 1408 2263 versentur.
1458 2213 1643 2275 itaque
1670 2219 1722 2263 et
1748 2213 1859 2263 dia·
1894 2217 1921 2257 4

161 2290 335 2341 lectici
370 2295 423 2340 et
456 2289 665 2353 physici
696 2289 877 2338 verbis
912 2292 1133 2337 utuntur
1165 2289 1245 2346 iis,
1282 2301 1426 2350 quae
1459 2288 1562 2349 ipsi
1598 2286 1860 2338 Graeciae

160 2370 294 2416 nota
332 2379 445 2415 non
486 2365 607 2422 sint,
651 2367 967 2426 geometrae
998 2376 1130 2412 vero
1172 2367 1224 2412 et
1268 2363 1476 2420 musici,
1521 2364 1859 2425 grammatici

92 2447 142 2485 3ο
163 2441 326 2490 etiam
359 2453 512 2490 more
542 2438 785 2501 quodam
812 2437 1108 2499 loquuntur
1133 2450 1250 2487 suo.
1299 2437 1452 2498 ipsae
1478 2436 1754 2487 rhetorum
1782 2451 1860 2487 ar-

162 2519 259 2573 teS,
300 2527 444 2576 quae
477 2518 604 2563 sunt
644 2517 791 2562 totae
832 2511 1076 2562 forenses
1118 2516 1283 2573 atque
1325 2511 1634 2573 populareS,
1677 2512 1859 2562 verbis

161 2593 346 2638 tamen
380 2589 434 2637 in
468 2587 722 2638 docendo
750 2587 907 2649 quasi
935 2587 1156 2648 privatis
1182 2591 1404 2636 utuntur
1429 2599 1494 2635 ac
1519 2587 1646 2636 suis.
1695 2592 1860 2648 atque
1896 2585 1930 2634 2

235 2719 264 2760 6
304 2720 520 2770 probetur
560 2723 741 2768 oportet
783 2718 830 2760 C.
855 2719 902 2759 F.
927 2718 987 2761 W.
1013 2689 1132 2759 Mae.
1174 2719 1390 2768 probetur
1441 2722 1489 2758 ut
1529 2718 1713 2758 ABER
1759 2729 1861 2767 pro-

162 2779 292 2820 betur
331 2783 415 2839 ἓξὲξ
442 2779 482 2819 N
517 2779 733 2828 probetur
755 2778 796 2819 V
890 2778 914 2817 7
950 2781 1102 2827 potest
1126 2779 1239 2819 dett.
1268 2781 1427 2827 posset
1452 2777 1691 2819 AERNV
1717 2778 1864 2827 possit

162 2852 200 2893 B
321 2853 376 2893 14
409 2850 534 2902 dicit]
569 2854 626 2904 cf.
652 2865 700 2904 ρ.
719 2857 781 2901 13,
798 2857 962 2893 24-29
1076 2850 1153 2901 ne]
1188 2863 1275 2893 nec
1307 2852 1446 2893 RNV
1563 2851 1617 2892 18
1649 2862 1863 2893 sermone

163 2913 410 2963 quicquam
435 2905 550 2953 VN²
581 2923 795 2954 sermone
827 2923 914 2953 nec
948 2913 1195 2962 quicquam
1226 2908 1485 2961 (quitquam
1512 2909 1664 2961 ABE)
1751 2912 1863 2961 inpl.

163 2970 202 3013 R
323 2971 379 3012 29
412 2983 507 3013 non
540 2971 724 3012 BENV
755 2983 844 3013 om.
879 2971 969 3013 AR
1091 2973 1182 3011 sint
1212 2971 1336 3012 Mdv.
1372 2975 1478 3012 sunt
