<?xml version="1.0" encoding="UTF-8"?>
<!DOCTYPE html PUBLIC "-//W3C//DTD XHTML 1.0 Transitional//EN"
    "http://www.w3.org/TR/xhtml1/DTD/xhtml1-transitional.dtd">
<html xmlns="http://www.w3.org/1999/xhtml" xml:lang="en" lang="en">
 <head>
  <title>
</title>
<meta http-equiv="Content-Type" content="text/html;charset=utf-8" />
  <meta name='ocr-system' content='tesseract 3.04.00' />
  <meta name='ocr-capabilities' content='ocr_page ocr_carea ocr_par ocr_line ocrx_word'/>
</head>
<body>
  <div class='ocr_page' id='page_1' title='image "./p1scriptaquaeman13ciceuoft_0109.png"; bbox 0 0 2046 3138; ppageno 0'>
   <div class='ocr_carea' id='block_1_1' title="bbox 46 133 1836 213">
    <p class='ocr_par' dir='ltr' id='par_1_1' title="bbox 46 133 1836 213">
     <span class='ocr_line' id='line_1_1' title="bbox 46 133 1836 213; baseline -0.002 -30"><span class='ocrx_word' id='word_1_1' title='bbox 46 140 75 192; x_wconf 68' lang='grc' dir='ltr'><strong>ἓ</strong></span> <span class='ocrx_word' id='word_1_2' title='bbox 101 142 217 183; x_wconf 84' lang='grc'>4-8</span> <span class='ocrx_word' id='word_1_3' title='bbox 351 208 354 213; x_wconf 31' lang='lat'><strong><em>¹</em></strong></span> <span class='ocrx_word' id='word_1_4' title='bbox 560 136 646 182; x_wconf 89' lang='lat' dir='ltr'>DE</span> <span class='ocrx_word' id='word_1_5' title='bbox 679 134 932 182; x_wconf 91' lang='lat' dir='ltr'>FINIBUS</span> <span class='ocrx_word' id='word_1_6' title='bbox 966 133 1116 181; x_wconf 88' lang='lat' dir='ltr'>BON.</span> <span class='ocrx_word' id='word_1_7' title='bbox 1150 134 1228 180; x_wconf 89' lang='lat' dir='ltr'>ET</span> <span class='ocrx_word' id='word_1_8' title='bbox 1261 133 1415 180; x_wconf 82' lang='lat' dir='ltr'>MAL.</span> <span class='ocrx_word' id='word_1_9' title='bbox 1763 141 1836 191; x_wconf 85' lang='lat'>89</span> 
     </span>
    </p>
   </div>
   <div class='ocr_carea' id='block_1_2' title="bbox 53 275 1900 2523">
    <p class='ocr_par' dir='ltr' id='par_1_2' title="bbox 53 275 1921 2503">
     <span class='ocr_line' id='line_1_2' title="bbox 135 275 1833 341; baseline -0.002 -12"><span class='ocrx_word' id='word_1_10' title='bbox 135 281 189 329; x_wconf 92' lang='lat' dir='ltr'>in</span> <span class='ocrx_word' id='word_1_11' title='bbox 216 280 440 329; x_wconf 90' lang='lat' dir='ltr'>nomine</span> <span class='ocrx_word' id='word_1_12' title='bbox 466 284 560 329; x_wconf 92' lang='lat' dir='ltr'>tuo</span> <span class='ocrx_word' id='word_1_13' title='bbox 588 278 904 341; x_wconf 79' lang='lat' dir='ltr'>adquieSCO,</span> <span class='ocrx_word' id='word_1_14' title='bbox 932 282 983 327; x_wconf 92' lang='lat' dir='ltr'>et</span> <span class='ocrx_word' id='word_1_15' title='bbox 1002 277 1132 340; x_wconf 89' lang='lat' dir='ltr'>quia</span> <span class='ocrx_word' id='word_1_16' title='bbox 1157 281 1210 327; x_wconf 91' lang='lat' dir='ltr'>te</span> <span class='ocrx_word' id='word_1_17' title='bbox 1235 275 1416 326; x_wconf 89' lang='lat' dir='ltr'>habeo</span> <span class='ocrx_word' id='word_1_18' title='bbox 1436 276 1833 338; x_wconf 92' lang='lat' dir='ltr'>aequissimum</span> 
     </span>
     <span class='ocr_line' id='line_1_3' title="bbox 135 351 1834 415; baseline -0.003 -11"><span class='ocrx_word' id='word_1_19' title='bbox 135 368 325 405; x_wconf 92' lang='lat' dir='ltr'>eorum</span> <span class='ocrx_word' id='word_1_20' title='bbox 369 353 690 411; x_wconf 90' lang='lat' dir='ltr'>studiorum,</span> <span class='ocrx_word' id='word_1_21' title='bbox 739 365 883 415; x_wconf 89' lang='lat' dir='ltr'>quae</span> <span class='ocrx_word' id='word_1_22' title='bbox 926 351 1060 402; x_wconf 90' lang='lat' dir='ltr'>mihi</span> <span class='ocrx_word' id='word_1_23' title='bbox 1106 351 1424 402; x_wconf 92' lang='lat' dir='ltr'>communia</span> <span class='ocrx_word' id='word_1_24' title='bbox 1466 355 1647 401; x_wconf 88' lang='lat' dir='ltr'>tecum</span> <span class='ocrx_word' id='word_1_25' title='bbox 1693 354 1834 408; x_wconf 82' lang='lat' dir='ltr'>sunt,</span> 
     </span>
     <span class='ocr_line' id='line_1_4' title="bbox 135 423 1835 489; baseline -0.004 -10"><span class='ocrx_word' id='word_1_26' title='bbox 135 429 559 479; x_wconf 85' lang='lat' dir='ltr'><strong>existimatorem</strong></span> <span class='ocrx_word' id='word_1_27' title='bbox 587 432 640 478; x_wconf 93' lang='lat' dir='ltr'>et</span> <span class='ocrx_word' id='word_1_28' title='bbox 665 427 917 477; x_wconf 92' lang='lat' dir='ltr'>iudicem.</span> <span class='ocrx_word' id='word_1_29' title='bbox 966 425 1216 476; x_wconf 91' lang='lat' dir='ltr'>attendes</span> <span class='ocrx_word' id='word_1_30' title='bbox 1243 425 1418 489; x_wconf 87' lang='lat' dir='ltr'>igitur,</span> <span class='ocrx_word' id='word_1_31' title='bbox 1444 430 1503 475; x_wconf 93' lang='lat' dir='ltr'>ut</span> <span class='ocrx_word' id='word_1_32' title='bbox 1528 424 1690 483; x_wconf 91' lang='lat' dir='ltr'>soles,</span> <span class='ocrx_word' id='word_1_33' title='bbox 1717 423 1835 475; x_wconf 64' lang='lat' dir='ltr'>dili«.</span> 
     </span>
     <span class='ocr_line' id='line_1_5' title="bbox 133 499 1833 566; baseline -0.002 -13"><span class='ocrx_word' id='word_1_34' title='bbox 133 508 323 566; x_wconf 84' lang='lat' dir='ltr'>genter</span> <span class='ocrx_word' id='word_1_35' title='bbox 368 515 603 565; x_wconf 90' lang='lat' dir='ltr'>eamque</span> <span class='ocrx_word' id='word_1_36' title='bbox 648 501 1074 552; x_wconf 89' lang='lat' dir='ltr'>controversiam</span> <span class='ocrx_word' id='word_1_37' title='bbox 1120 500 1463 559; x_wconf 81' lang='lat' dir='ltr'>diiudicabiS,</span> <span class='ocrx_word' id='word_1_38' title='bbox 1511 513 1656 562; x_wconf 89' lang='lat' dir='ltr'>quae</span> <span class='ocrx_word' id='word_1_39' title='bbox 1699 499 1833 549; x_wconf 93' lang='lat' dir='ltr'>mihi</span> 
     </span>
     <span class='ocr_line' id='line_1_6' title="bbox 85 574 1892 638; baseline 0.001 -15"><span class='ocrx_word' id='word_1_40' title='bbox 85 588 108 623; x_wconf 89' lang='lat'>5</span> <span class='ocrx_word' id='word_1_41' title='bbox 133 578 232 628; x_wconf 86' lang='lat' dir='ltr'>fuit</span> <span class='ocrx_word' id='word_1_42' title='bbox 263 591 387 627; x_wconf 92' lang='lat' dir='ltr'>cum</span> <span class='ocrx_word' id='word_1_43' title='bbox 422 576 698 627; x_wconf 92' lang='lat' dir='ltr'>avunculo</span> <span class='ocrx_word' id='word_1_44' title='bbox 732 580 843 635; x_wconf 92' lang='lat' dir='ltr'>tuo,</span> <span class='ocrx_word' id='word_1_45' title='bbox 883 575 1073 626; x_wconf 92' lang='lat' dir='ltr'>divino</span> <span class='ocrx_word' id='word_1_46' title='bbox 1107 588 1172 625; x_wconf 92' lang='lat' dir='ltr'>ac</span> <span class='ocrx_word' id='word_1_47' title='bbox 1212 574 1474 638; x_wconf 85' lang='lat' dir='ltr'>singulari</span> <span class='ocrx_word' id='word_1_48' title='bbox 1506 575 1640 625; x_wconf 91' lang='lat' dir='ltr'>vir0.</span> <span class='ocrx_word' id='word_1_49' title='bbox 1703 588 1832 624; x_wconf 92' lang='lat' dir='ltr'>nam</span> <span class='ocrx_word' id='word_1_50' title='bbox 1867 584 1892 625; x_wconf 91' lang='grc'><strong>7</strong></span> 
     </span>
     <span class='ocr_line' id='line_1_7' title="bbox 131 649 1890 712; baseline -0.002 -10"><span class='ocrx_word' id='word_1_51' title='bbox 131 654 186 702; x_wconf 91' lang='lat' dir='ltr'>in</span> <span class='ocrx_word' id='word_1_52' title='bbox 212 651 525 702; x_wconf 91' lang='lat' dir='ltr'>Tusculano</span> <span class='ocrx_word' id='word_1_53' title='bbox 560 665 684 701; x_wconf 90' lang='lat' dir='ltr'>cum</span> <span class='ocrx_word' id='word_1_54' title='bbox 711 664 890 701; x_wconf 92' lang='lat' dir='ltr'>essem</span> <span class='ocrx_word' id='word_1_55' title='bbox 915 649 1230 712; x_wconf 88' lang='lat' dir='ltr'>vellemque</span> <span class='ocrx_word' id='word_1_56' title='bbox 1256 663 1286 699; x_wconf 94' lang='lat' dir='ltr'>e</span> <span class='ocrx_word' id='word_1_57' title='bbox 1312 649 1647 700; x_wconf 85' lang='lat' dir='ltr'>bibliotheca</span> <span class='ocrx_word' id='word_1_58' title='bbox 1680 650 1833 712; x_wconf 91' lang='lat' dir='ltr'>pueri</span> <span class='ocrx_word' id='word_1_59' title='bbox 1887 675 1890 678; x_wconf 90' lang='lat'>·</span> 
     </span>
     <span class='ocr_line' id='line_1_8' title="bbox 133 723 1834 789; baseline -0.001 -13"><span class='ocrx_word' id='word_1_60' title='bbox 133 726 342 776; x_wconf 89' lang='lat' dir='ltr'>Luculli</span> <span class='ocrx_word' id='word_1_61' title='bbox 376 726 708 789; x_wconf 91' lang='lat' dir='ltr'>quibusdam</span> <span class='ocrx_word' id='word_1_62' title='bbox 735 725 884 775; x_wconf 92' lang='lat' dir='ltr'>libris</span> <span class='ocrx_word' id='word_1_63' title='bbox 909 726 1001 783; x_wconf 89' lang='lat' dir='ltr'>uti,</span> <span class='ocrx_word' id='word_1_64' title='bbox 1032 725 1161 775; x_wconf 90' lang='lat' dir='ltr'>veni</span> <span class='ocrx_word' id='word_1_65' title='bbox 1188 725 1243 774; x_wconf 94' lang='lat' dir='ltr'>in</span> <span class='ocrx_word' id='word_1_66' title='bbox 1270 725 1388 774; x_wconf 92' lang='lat' dir='ltr'>eius</span> <span class='ocrx_word' id='word_1_67' title='bbox 1412 723 1617 782; x_wconf 92' lang='lat' dir='ltr'>villam,</span> <span class='ocrx_word' id='word_1_68' title='bbox 1650 728 1709 773; x_wconf 91' lang='lat' dir='ltr'>ut</span> <span class='ocrx_word' id='word_1_69' title='bbox 1735 737 1834 775; x_wconf 90' lang='lat' dir='ltr'>eos</span> 
     </span>
     <span class='ocr_line' id='line_1_9' title="bbox 132 799 1832 864; baseline -0.002 -13"><span class='ocrx_word' id='word_1_70' title='bbox 132 804 266 864; x_wconf 92' lang='lat' dir='ltr'>ipse,</span> <span class='ocrx_word' id='word_1_71' title='bbox 314 805 373 851; x_wconf 91' lang='lat' dir='ltr'>ut</span> <span class='ocrx_word' id='word_1_72' title='bbox 416 800 682 859; x_wconf 86' lang='lat' dir='ltr'>solebam,</span> <span class='ocrx_word' id='word_1_73' title='bbox 734 799 1130 862; x_wconf 88' lang='lat' dir='ltr'>depromerem.</span> <span class='ocrx_word' id='word_1_74' title='bbox 1205 812 1316 862; x_wconf 91' lang='lat' dir='ltr'>quo</span> <span class='ocrx_word' id='word_1_75' title='bbox 1366 812 1490 848; x_wconf 93' lang='lat' dir='ltr'>cum</span> <span class='ocrx_word' id='word_1_76' title='bbox 1537 800 1832 857; x_wconf 90' lang='lat' dir='ltr'>venissem,</span> 
     </span>
     <span class='ocr_line' id='line_1_10' title="bbox 130 872 1832 938; baseline -0.002 -11"><span class='ocrx_word' id='word_1_77' title='bbox 130 876 200 927; x_wconf 90' lang='lat' dir='ltr'>M.</span> <span class='ocrx_word' id='word_1_78' title='bbox 228 874 509 934; x_wconf 91' lang='lat' dir='ltr'>Catonem,</span> <span class='ocrx_word' id='word_1_79' title='bbox 555 889 720 938; x_wconf 92' lang='lat' dir='ltr'>quem</span> <span class='ocrx_word' id='word_1_80' title='bbox 761 874 836 924; x_wconf 91' lang='lat' dir='ltr'>ibi</span> <span class='ocrx_word' id='word_1_81' title='bbox 871 888 993 924; x_wconf 91' lang='lat' dir='ltr'>esse</span> <span class='ocrx_word' id='word_1_82' title='bbox 1026 874 1356 932; x_wconf 72' lang='lat' dir='ltr'>nescieram„</span> <span class='ocrx_word' id='word_1_83' title='bbox 1384 873 1499 923; x_wconf 91' lang='lat' dir='ltr'>vidi</span> <span class='ocrx_word' id='word_1_84' title='bbox 1540 874 1595 923; x_wconf 93' lang='lat' dir='ltr'>in</span> <span class='ocrx_word' id='word_1_85' title='bbox 1638 872 1832 924; x_wconf 54' lang='lat' dir='ltr'>biblio*</span> 
     </span>
     <span class='ocr_line' id='line_1_11' title="bbox 62 946 1831 1001; baseline -0.002 0"><span class='ocrx_word' id='word_1_86' title='bbox 62 960 107 995; x_wconf 88' lang='lat'>10</span> <span class='ocrx_word' id='word_1_87' title='bbox 130 951 290 1001; x_wconf 87' lang='lat' dir='ltr'>theca</span> <span class='ocrx_word' id='word_1_88' title='bbox 329 950 615 1000; x_wconf 87' lang='lat' dir='ltr'>sedentem</span> <span class='ocrx_word' id='word_1_89' title='bbox 655 949 839 999; x_wconf 88' lang='lat' dir='ltr'>multis</span> <span class='ocrx_word' id='word_1_90' title='bbox 885 948 1271 999; x_wconf 79' lang='lat' dir='ltr'>circumfusum</span> <span class='ocrx_word' id='word_1_91' title='bbox 1313 946 1621 999; x_wconf 91' lang='lat' dir='ltr'>Stoicorum</span> <span class='ocrx_word' id='word_1_92' title='bbox 1667 947 1831 998; x_wconf 69' lang='lat' dir='ltr'>libris;</span> 
     </span>
     <span class='ocr_line' id='line_1_12' title="bbox 130 1022 1830 1086; baseline -0.002 -11"><span class='ocrx_word' id='word_1_93' title='bbox 130 1030 243 1075; x_wconf 92' lang='lat' dir='ltr'>erat</span> <span class='ocrx_word' id='word_1_94' title='bbox 277 1025 438 1083; x_wconf 92' lang='lat' dir='ltr'>enim,</span> <span class='ocrx_word' id='word_1_95' title='bbox 483 1029 542 1073; x_wconf 94' lang='lat' dir='ltr'>ut</span> <span class='ocrx_word' id='word_1_96' title='bbox 582 1024 703 1082; x_wconf 91' lang='lat' dir='ltr'>scis,</span> <span class='ocrx_word' id='word_1_97' title='bbox 747 1025 801 1073; x_wconf 94' lang='lat' dir='ltr'>in</span> <span class='ocrx_word' id='word_1_98' title='bbox 844 1037 911 1074; x_wconf 91' lang='lat' dir='ltr'>eo</span> <span class='ocrx_word' id='word_1_99' title='bbox 952 1023 1186 1073; x_wconf 91' lang='lat' dir='ltr'>aviditas</span> <span class='ocrx_word' id='word_1_100' title='bbox 1227 1022 1464 1086; x_wconf 87' lang='lat' dir='ltr'>legendi,</span> <span class='ocrx_word' id='word_1_101' title='bbox 1505 1036 1608 1073; x_wconf 90' lang='lat' dir='ltr'>nec</span> <span class='ocrx_word' id='word_1_102' title='bbox 1647 1022 1830 1072; x_wconf 90' lang='lat' dir='ltr'>satiari</span> 
     </span>
     <span class='ocr_line' id='line_1_13' title="bbox 129 1097 1830 1162; baseline -0.002 -12"><span class='ocrx_word' id='word_1_103' title='bbox 129 1103 355 1162; x_wconf 87' lang='lat' dir='ltr'>poterat,</span> <span class='ocrx_word' id='word_1_104' title='bbox 374 1100 580 1162; x_wconf 89' lang='lat' dir='ltr'>quippe</span> <span class='ocrx_word' id='word_1_105' title='bbox 598 1099 691 1161; x_wconf 91' lang='lat' dir='ltr'>qui</span> <span class='ocrx_word' id='word_1_106' title='bbox 710 1111 780 1148; x_wconf 92' lang='lat' dir='ltr'>ne</span> <span class='ocrx_word' id='word_1_107' title='bbox 797 1098 1282 1160; x_wconf 88' lang='lat' dir='ltr'>reprehensionem</span> <span class='ocrx_word' id='word_1_108' title='bbox 1301 1097 1526 1160; x_wconf 87' lang='lat' dir='ltr'>quidem</span> <span class='ocrx_word' id='word_1_109' title='bbox 1544 1097 1698 1160; x_wconf 84' lang='lat' dir='ltr'>vulgi</span> <span class='ocrx_word' id='word_1_110' title='bbox 1717 1098 1830 1147; x_wconf 92' lang='lat' dir='ltr'>ina-</span> 
     </span>
     <span class='ocr_line' id='line_1_14' title="bbox 128 1171 1834 1235; baseline -0.001 -12"><span class='ocrx_word' id='word_1_111' title='bbox 128 1188 255 1225; x_wconf 89' lang='lat' dir='ltr'>nem</span> <span class='ocrx_word' id='word_1_112' title='bbox 281 1172 641 1224; x_wconf 78' lang='lat' dir='ltr'>reformidans</span> <span class='ocrx_word' id='word_1_113' title='bbox 667 1174 721 1222; x_wconf 94' lang='lat' dir='ltr'>in</span> <span class='ocrx_word' id='word_1_114' title='bbox 748 1174 869 1235; x_wconf 92' lang='lat' dir='ltr'>ipsa</span> <span class='ocrx_word' id='word_1_115' title='bbox 894 1173 1042 1222; x_wconf 92' lang='lat' dir='ltr'>curia</span> <span class='ocrx_word' id='word_1_116' title='bbox 1059 1171 1260 1222; x_wconf 90' lang='lat' dir='ltr'>soleret</span> <span class='ocrx_word' id='word_1_117' title='bbox 1283 1171 1467 1235; x_wconf 87' lang='lat' dir='ltr'>legere</span> <span class='ocrx_word' id='word_1_118' title='bbox 1485 1185 1669 1234; x_wconf 92' lang='lat' dir='ltr'>saepe,</span> <span class='ocrx_word' id='word_1_119' title='bbox 1696 1171 1834 1222; x_wconf 91' lang='lat' dir='ltr'>dum.</span> 
     </span>
     <span class='ocr_line' id='line_1_15' title="bbox 127 1246 1830 1311; baseline -0.002 -12"><span class='ocrx_word' id='word_1_120' title='bbox 127 1253 351 1299; x_wconf 91' lang='lat' dir='ltr'>senatus</span> <span class='ocrx_word' id='word_1_121' title='bbox 385 1252 683 1311; x_wconf 88' lang='lat' dir='ltr'>cogeretur,</span> <span class='ocrx_word' id='word_1_122' title='bbox 716 1246 850 1297; x_wconf 91' lang='lat' dir='ltr'>nihil</span> <span class='ocrx_word' id='word_1_123' title='bbox 884 1260 1087 1309; x_wconf 90' lang='lat' dir='ltr'>operae</span> <span class='ocrx_word' id='word_1_124' title='bbox 1118 1247 1194 1296; x_wconf 92' lang='lat' dir='ltr'>rei</span> <span class='ocrx_word' id='word_1_125' title='bbox 1228 1246 1483 1309; x_wconf 90' lang='lat' dir='ltr'>publicae</span> <span class='ocrx_word' id='word_1_126' title='bbox 1520 1246 1830 1297; x_wconf 67' lang='lat' dir='ltr'>detrahens·</span> 
     </span>
     <span class='ocr_line' id='line_1_16' title="bbox 60 1321 1828 1386; baseline 0.001 -18"><span class='ocrx_word' id='word_1_127' title='bbox 60 1333 103 1368; x_wconf 89' lang='lat'>15</span> <span class='ocrx_word' id='word_1_128' title='bbox 127 1337 238 1386; x_wconf 91' lang='lat' dir='ltr'>quo</span> <span class='ocrx_word' id='word_1_129' title='bbox 272 1324 449 1386; x_wconf 85' lang='lat' dir='ltr'>magis</span> <span class='ocrx_word' id='word_1_130' title='bbox 482 1326 597 1372; x_wconf 89' lang='lat' dir='ltr'>tum</span> <span class='ocrx_word' id='word_1_131' title='bbox 631 1323 686 1372; x_wconf 92' lang='lat' dir='ltr'>in</span> <span class='ocrx_word' id='word_1_132' title='bbox 712 1335 930 1372; x_wconf 91' lang='lat' dir='ltr'>summo</span> <span class='ocrx_word' id='word_1_133' title='bbox 958 1322 1070 1372; x_wconf 91' lang='lat' dir='ltr'>otio</span> <span class='ocrx_word' id='word_1_134' title='bbox 1104 1322 1458 1384; x_wconf 89' lang='lat' dir='ltr'>maximaque</span> <span class='ocrx_word' id='word_1_135' title='bbox 1483 1322 1645 1384; x_wconf 91' lang='lat' dir='ltr'>copia</span> <span class='ocrx_word' id='word_1_136' title='bbox 1670 1321 1828 1384; x_wconf 87' lang='lat' dir='ltr'>quasi</span> 
     </span>
     <span class='ocr_line' id='line_1_17' title="bbox 126 1395 1827 1456; baseline -0.001 -9"><span class='ocrx_word' id='word_1_137' title='bbox 126 1397 354 1448; x_wconf 91' lang='lat' dir='ltr'>helluari</span> <span class='ocrx_word' id='word_1_138' title='bbox 394 1397 566 1456; x_wconf 88' lang='lat' dir='ltr'>libris,</span> <span class='ocrx_word' id='word_1_139' title='bbox 600 1398 645 1447; x_wconf 92' lang='lat' dir='ltr'>si</span> <span class='ocrx_word' id='word_1_140' title='bbox 686 1396 793 1447; x_wconf 90' lang='lat' dir='ltr'>hoc</span> <span class='ocrx_word' id='word_1_141' title='bbox 823 1396 994 1447; x_wconf 92' lang='lat' dir='ltr'>verbo</span> <span class='ocrx_word' id='word_1_142' title='bbox 1036 1397 1091 1446; x_wconf 93' lang='lat' dir='ltr'>in</span> <span class='ocrx_word' id='word_1_143' title='bbox 1132 1400 1244 1445; x_wconf 91' lang='lat' dir='ltr'>tam</span> <span class='ocrx_word' id='word_1_144' title='bbox 1286 1395 1432 1446; x_wconf 93' lang='lat' dir='ltr'>clara</span> <span class='ocrx_word' id='word_1_145' title='bbox 1462 1409 1519 1446; x_wconf 94' lang='lat' dir='ltr'>re</span> <span class='ocrx_word' id='word_1_146' title='bbox 1559 1395 1827 1446; x_wconf 88' lang='lat' dir='ltr'>utendum</span> 
     </span>
     <span class='ocr_line' id='line_1_18' title="bbox 127 1469 1900 1551; baseline -0.002 -28"><span class='ocrx_word' id='word_1_147' title='bbox 127 1477 222 1532; x_wconf 88' lang='lat' dir='ltr'>est,</span> <span class='ocrx_word' id='word_1_148' title='bbox 261 1471 565 1522; x_wconf 89' lang='lat' dir='ltr'>videbatur.</span> <span class='ocrx_word' id='word_1_149' title='bbox 629 1471 781 1534; x_wconf 89' lang='lat' dir='ltr'>quod</span> <span class='ocrx_word' id='word_1_150' title='bbox 822 1485 946 1521; x_wconf 92' lang='lat' dir='ltr'>cum</span> <span class='ocrx_word' id='word_1_151' title='bbox 988 1470 1279 1521; x_wconf 91' lang='lat' dir='ltr'>accidisset</span> <span class='ocrx_word' id='word_1_152' title='bbox 1317 1475 1376 1520; x_wconf 91' lang='lat' dir='ltr'>ut</span> <span class='ocrx_word' id='word_1_153' title='bbox 1419 1470 1553 1521; x_wconf 93' lang='lat' dir='ltr'>alter</span> <span class='ocrx_word' id='word_1_154' title='bbox 1597 1469 1826 1521; x_wconf 90' lang='lat' dir='ltr'>alterum</span> <span class='ocrx_word' id='word_1_155' title='bbox 1860 1479 1900 1551; x_wconf 77' lang='lat'>⁸]</span> 
     </span>
     <span class='ocr_line' id='line_1_19' title="bbox 125 1545 1830 1632; baseline -0.001 -36"><span class='ocrx_word' id='word_1_156' title='bbox 125 1548 456 1632; x_wconf 83' lang='lat' dir='ltr'>necopinato</span> <span class='ocrx_word' id='word_1_157' title='bbox 497 1546 827 1605; x_wconf 90' lang='lat' dir='ltr'>videremus,</span> <span class='ocrx_word' id='word_1_158' title='bbox 871 1546 1099 1596; x_wconf 88' lang='lat' dir='ltr'>surrexit</span> <span class='ocrx_word' id='word_1_159' title='bbox 1141 1546 1339 1596; x_wconf 85' lang='lat' dir='ltr'>statim.</span> <span class='ocrx_word' id='word_1_160' title='bbox 1411 1545 1614 1596; x_wconf 91' lang='lat' dir='ltr'>deinde</span> <span class='ocrx_word' id='word_1_161' title='bbox 1655 1546 1830 1608; x_wconf 90' lang='lat' dir='ltr'>prima</span> 
     </span>
     <span class='ocr_line' id='line_1_20' title="bbox 125 1617 1831 1684; baseline 0 -13"><span class='ocrx_word' id='word_1_162' title='bbox 125 1621 231 1680; x_wconf 93' lang='lat' dir='ltr'>illa,</span> <span class='ocrx_word' id='word_1_163' title='bbox 265 1635 408 1684; x_wconf 89' lang='lat' dir='ltr'>quae</span> <span class='ocrx_word' id='word_1_164' title='bbox 441 1622 495 1671; x_wconf 91' lang='lat' dir='ltr'>in</span> <span class='ocrx_word' id='word_1_165' title='bbox 530 1634 830 1684; x_wconf 86' lang='lat' dir='ltr'>congressu</span> <span class='ocrx_word' id='word_1_166' title='bbox 863 1619 1129 1671; x_wconf 90' lang='lat' dir='ltr'>solemus:</span> <span class='ocrx_word' id='word_1_167' title='bbox 1172 1617 1319 1674; x_wconf 92' lang='lat' dir='ltr'>Quid</span> <span class='ocrx_word' id='word_1_168' title='bbox 1352 1624 1425 1678; x_wconf 89' lang='lat' dir='ltr'>tu,</span> <span class='ocrx_word' id='word_1_169' title='bbox 1458 1620 1649 1683; x_wconf 90' lang='lat' dir='ltr'>inquit,</span> <span class='ocrx_word' id='word_1_170' title='bbox 1683 1619 1831 1671; x_wconf 79' lang='lat' dir='ltr'>huc?</span> 
     </span>
     <span class='ocr_line' id='line_1_21' title="bbox 55 1693 1828 1754; baseline 0.001 -12"><span class='ocrx_word' id='word_1_171' title='bbox 55 1705 157 1746; x_wconf 79' lang='lat' dir='ltr'>zoa</span> <span class='ocrx_word' id='word_1_172' title='bbox 188 1695 321 1746; x_wconf 93' lang='lat' dir='ltr'>villa</span> <span class='ocrx_word' id='word_1_173' title='bbox 361 1697 522 1753; x_wconf 91' lang='lat' dir='ltr'>enim,</span> <span class='ocrx_word' id='word_1_174' title='bbox 564 1695 743 1754; x_wconf 94' lang='lat' dir='ltr'>credo,</span> <span class='ocrx_word' id='word_1_175' title='bbox 789 1699 861 1745; x_wconf 88' lang='lat' dir='ltr'>et:</span> <span class='ocrx_word' id='word_1_176' title='bbox 907 1693 964 1744; x_wconf 92' lang='lat' dir='ltr'>Si</span> <span class='ocrx_word' id='word_1_177' title='bbox 1005 1695 1080 1744; x_wconf 94' lang='lat' dir='ltr'>ibi</span> <span class='ocrx_word' id='word_1_178' title='bbox 1113 1699 1166 1745; x_wconf 92' lang='lat' dir='ltr'>te</span> <span class='ocrx_word' id='word_1_179' title='bbox 1211 1708 1335 1744; x_wconf 91' lang='lat' dir='ltr'>esse</span> <span class='ocrx_word' id='word_1_180' title='bbox 1375 1695 1619 1754; x_wconf 91' lang='lat' dir='ltr'>scissem,</span> <span class='ocrx_word' id='word_1_181' title='bbox 1662 1694 1733 1744; x_wconf 92' lang='lat' dir='ltr'>ad</span> <span class='ocrx_word' id='word_1_182' title='bbox 1775 1699 1828 1745; x_wconf 93' lang='lat' dir='ltr'>te</span> 
     </span>
     <span class='ocr_line' id='line_1_22' title="bbox 126 1771 572 1833; baseline 0 -13"><span class='ocrx_word' id='word_1_183' title='bbox 126 1772 246 1833; x_wconf 93' lang='lat' dir='ltr'>ipse</span> <span class='ocrx_word' id='word_1_184' title='bbox 277 1771 572 1820; x_wconf 90' lang='lat' dir='ltr'>venissem.</span> 
     </span>
     <span class='ocr_line' id='line_1_23' title="bbox 141 1843 1830 1907; baseline -0.001 -12"><span class='ocrx_word' id='word_1_185' title='bbox 141 1881 145 1885; x_wconf 80' lang='lat'>.</span> <span class='ocrx_word' id='word_1_186' title='bbox 199 1845 341 1904; x_wconf 91' lang='lat' dir='ltr'>Heri,</span> <span class='ocrx_word' id='word_1_187' title='bbox 374 1846 615 1907; x_wconf 89' lang='lat' dir='ltr'>inquam,</span> <span class='ocrx_word' id='word_1_188' title='bbox 642 1844 785 1894; x_wconf 92' lang='lat' dir='ltr'>ludis</span> <span class='ocrx_word' id='word_1_189' title='bbox 812 1844 1120 1894; x_wconf 91' lang='lat' dir='ltr'>commissis</span> <span class='ocrx_word' id='word_1_190' title='bbox 1146 1857 1213 1893; x_wconf 92' lang='lat' dir='ltr'>ex</span> <span class='ocrx_word' id='word_1_191' title='bbox 1238 1843 1373 1894; x_wconf 90' lang='lat' dir='ltr'>urbe</span> <span class='ocrx_word' id='word_1_192' title='bbox 1399 1843 1673 1906; x_wconf 77' lang='lat' dir='ltr'>proiectus</span> <span class='ocrx_word' id='word_1_193' title='bbox 1698 1844 1830 1894; x_wconf 87' lang='lat' dir='ltr'>veni</span> 
     </span>
     <span class='ocr_line' id='line_1_24' title="bbox 124 1917 1828 1982; baseline 0 -14"><span class='ocrx_word' id='word_1_194' title='bbox 124 1920 194 1969; x_wconf 93' lang='lat' dir='ltr'>ad</span> <span class='ocrx_word' id='word_1_195' title='bbox 226 1933 537 1982; x_wconf 90' lang='lat' dir='ltr'>vesperum.</span> <span class='ocrx_word' id='word_1_196' title='bbox 593 1932 762 1970; x_wconf 92' lang='lat' dir='ltr'>causa</span> <span class='ocrx_word' id='word_1_197' title='bbox 794 1923 978 1968; x_wconf 92' lang='lat' dir='ltr'>autem</span> <span class='ocrx_word' id='word_1_198' title='bbox 1011 1917 1110 1967; x_wconf 85' lang='lat' dir='ltr'>iuit</span> <span class='ocrx_word' id='word_1_199' title='bbox 1141 1917 1249 1968; x_wconf 91' lang='lat' dir='ltr'>huc</span> <span class='ocrx_word' id='word_1_200' title='bbox 1275 1918 1550 1968; x_wconf 60' lang='lat' dir='ltr'>veniendi⁴</span> <span class='ocrx_word' id='word_1_201' title='bbox 1571 1922 1630 1968; x_wconf 93' lang='lat' dir='ltr'>ut</span> <span class='ocrx_word' id='word_1_202' title='bbox 1663 1931 1828 1981; x_wconf 89' lang='lat' dir='ltr'>quos-</span> 
     </span>
     <span class='ocr_line' id='line_1_25' title="bbox 124 1990 1825 2056; baseline -0.001 -12"><span class='ocrx_word' id='word_1_203' title='bbox 124 1994 252 2044; x_wconf 92' lang='lat' dir='ltr'>dam</span> <span class='ocrx_word' id='word_1_204' title='bbox 270 1994 398 2044; x_wconf 89' lang='lat' dir='ltr'>hinc</span> <span class='ocrx_word' id='word_1_205' title='bbox 423 1994 589 2044; x_wconf 94' lang='lat' dir='ltr'>libros</span> <span class='ocrx_word' id='word_1_206' title='bbox 609 2007 932 2056; x_wconf 87' lang='lat' dir='ltr'>promerem.</span> <span class='ocrx_word' id='word_1_207' title='bbox 973 1997 1026 2043; x_wconf 90' lang='lat' dir='ltr'>et</span> <span class='ocrx_word' id='word_1_208' title='bbox 1043 1992 1284 2055; x_wconf 90' lang='lat' dir='ltr'>quidem,</span> <span class='ocrx_word' id='word_1_209' title='bbox 1311 1990 1632 2051; x_wconf 72' lang='lat' dir='ltr'>Cato,“hanc</span> <span class='ocrx_word' id='word_1_210' title='bbox 1655 1996 1825 2043; x_wconf 87' lang='lat' dir='ltr'>totam</span> 
     </span>
     <span class='ocr_line' id='line_1_26' title="bbox 57 2067 1824 2131; baseline 0.001 -17"><span class='ocrx_word' id='word_1_211' title='bbox 57 2077 103 2114; x_wconf 83' lang='lat'>25</span> <span class='ocrx_word' id='word_1_212' title='bbox 128 2069 346 2131; x_wconf 93' lang='lat' dir='ltr'>copiam</span> <span class='ocrx_word' id='word_1_213' title='bbox 380 2070 489 2118; x_wconf 90' lang='lat' dir='ltr'>iam</span> <span class='ocrx_word' id='word_1_214' title='bbox 523 2067 750 2118; x_wconf 93' lang='lat' dir='ltr'>Lucullo</span> <span class='ocrx_word' id='word_1_215' title='bbox 785 2072 971 2118; x_wconf 93' lang='lat' dir='ltr'>nostro</span> <span class='ocrx_word' id='word_1_216' title='bbox 998 2071 1186 2118; x_wconf 86' lang='lat' dir='ltr'>notam</span> <span class='ocrx_word' id='word_1_217' title='bbox 1214 2081 1337 2117; x_wconf 91' lang='lat' dir='ltr'>esse</span> <span class='ocrx_word' id='word_1_218' title='bbox 1363 2067 1663 2130; x_wconf 86' lang='lat' dir='ltr'>oportebit;</span> <span class='ocrx_word' id='word_1_219' title='bbox 1696 2081 1824 2116; x_wconf 92' lang='lat' dir='ltr'>nam</span> 
     </span>
     <span class='ocr_line' id='line_1_27' title="bbox 123 2140 1825 2205; baseline -0.001 -12"><span class='ocrx_word' id='word_1_220' title='bbox 123 2143 207 2193; x_wconf 91' lang='lat' dir='ltr'>his</span> <span class='ocrx_word' id='word_1_221' title='bbox 240 2142 390 2193; x_wconf 91' lang='lat' dir='ltr'>libris</span> <span class='ocrx_word' id='word_1_222' title='bbox 424 2156 551 2194; x_wconf 88' lang='lat' dir='ltr'>eum</span> <span class='ocrx_word' id='word_1_223' title='bbox 584 2142 731 2193; x_wconf 92' lang='lat' dir='ltr'>malo</span> <span class='ocrx_word' id='word_1_224' title='bbox 766 2155 933 2205; x_wconf 88' lang='lat' dir='ltr'>quam</span> <span class='ocrx_word' id='word_1_225' title='bbox 974 2140 1184 2204; x_wconf 91' lang='lat' dir='ltr'>reliquo</span> <span class='ocrx_word' id='word_1_226' title='bbox 1220 2146 1415 2192; x_wconf 91' lang='lat' dir='ltr'>ornatu</span> <span class='ocrx_word' id='word_1_227' title='bbox 1447 2141 1613 2192; x_wconf 92' lang='lat' dir='ltr'>villae</span> <span class='ocrx_word' id='word_1_228' title='bbox 1647 2141 1825 2192; x_wconf 90' lang='lat' dir='ltr'>delec-</span> 
     </span>
     <span class='ocr_line' id='line_1_28' title="bbox 122 2216 1827 2279; baseline 0 -12"><span class='ocrx_word' id='word_1_229' title='bbox 122 2218 236 2269; x_wconf 88' lang='lat' dir='ltr'>tari.</span> <span class='ocrx_word' id='word_1_230' title='bbox 292 2222 375 2268; x_wconf 90' lang='lat' dir='ltr'>est</span> <span class='ocrx_word' id='word_1_231' title='bbox 406 2218 552 2267; x_wconf 90' lang='lat' dir='ltr'>enim</span> <span class='ocrx_word' id='word_1_232' title='bbox 593 2216 726 2266; x_wconf 92' lang='lat' dir='ltr'>mihi</span> <span class='ocrx_word' id='word_1_233' title='bbox 767 2229 1005 2279; x_wconf 89' lang='lat' dir='ltr'>magnae</span> <span class='ocrx_word' id='word_1_234' title='bbox 1038 2229 1200 2266; x_wconf 91' lang='lat' dir='ltr'>curae</span> <span class='ocrx_word' id='word_1_235' title='bbox 1233 2240 1304 2248; x_wconf 90' lang='lat'>-</span> <span class='ocrx_word' id='word_1_236' title='bbox 1337 2229 1677 2279; x_wconf 89' lang='lat' dir='ltr'>quamquam</span> <span class='ocrx_word' id='word_1_237' title='bbox 1719 2216 1827 2267; x_wconf 94' lang='lat' dir='ltr'>hoc</span> 
     </span>
     <span class='ocr_line' id='line_1_29' title="bbox 123 2290 1833 2355; baseline -0.001 -13"><span class='ocrx_word' id='word_1_238' title='bbox 123 2292 347 2355; x_wconf 92' lang='lat' dir='ltr'>quidem</span> <span class='ocrx_word' id='word_1_239' title='bbox 374 2292 654 2354; x_wconf 93' lang='lat' dir='ltr'>proprium</span> <span class='ocrx_word' id='word_1_240' title='bbox 687 2296 840 2341; x_wconf 91' lang='lat' dir='ltr'>tuum</span> <span class='ocrx_word' id='word_1_241' title='bbox 867 2304 1069 2341; x_wconf 92' lang='lat' dir='ltr'>munus</span> <span class='ocrx_word' id='word_1_242' title='bbox 1103 2295 1186 2340; x_wconf 89' lang='lat' dir='ltr'>est</span> <span class='ocrx_word' id='word_1_243' title='bbox 1218 2314 1303 2348; x_wconf 88' lang='lat'>-—,</span> <span class='ocrx_word' id='word_1_244' title='bbox 1337 2295 1396 2340; x_wconf 90' lang='lat' dir='ltr'>ut</span> <span class='ocrx_word' id='word_1_245' title='bbox 1427 2292 1502 2340; x_wconf 92' lang='lat' dir='ltr'>ita</span> <span class='ocrx_word' id='word_1_246' title='bbox 1535 2290 1833 2349; x_wconf 86' lang='lat' dir='ltr'>erudiatur,</span> 
     </span>
     <span class='ocr_line' id='line_1_30' title="bbox 122 2364 1822 2429; baseline 0 -13"><span class='ocrx_word' id='word_1_247' title='bbox 122 2372 181 2416; x_wconf 92' lang='lat' dir='ltr'>ut</span> <span class='ocrx_word' id='word_1_248' title='bbox 224 2372 277 2417; x_wconf 92' lang='lat' dir='ltr'>et</span> <span class='ocrx_word' id='word_1_249' title='bbox 321 2367 456 2429; x_wconf 89' lang='lat' dir='ltr'>patri</span> <span class='ocrx_word' id='word_1_250' title='bbox 499 2371 552 2416; x_wconf 89' lang='lat' dir='ltr'>et</span> <span class='ocrx_word' id='word_1_251' title='bbox 591 2364 858 2428; x_wconf 91' lang='lat' dir='ltr'>Caepioni</span> <span class='ocrx_word' id='word_1_252' title='bbox 898 2369 1085 2416; x_wconf 89' lang='lat' dir='ltr'>nostro</span> <span class='ocrx_word' id='word_1_253' title='bbox 1128 2369 1181 2415; x_wconf 89' lang='lat' dir='ltr'>et</span> <span class='ocrx_word' id='word_1_254' title='bbox 1216 2365 1313 2414; x_wconf 93' lang='lat' dir='ltr'>tibi</span> <span class='ocrx_word' id='word_1_255' title='bbox 1355 2369 1466 2414; x_wconf 91' lang='lat' dir='ltr'>tam</span> <span class='ocrx_word' id='word_1_256' title='bbox 1510 2366 1822 2428; x_wconf 90' lang='lat' dir='ltr'>propinquo</span> 
     </span>
     <span class='ocr_line' id='line_1_31' title="bbox 53 2440 1826 2523; baseline 0.002 -36"><span class='ocrx_word' id='word_1_257' title='bbox 53 2450 99 2487; x_wconf 79' lang='grc' dir='ltr'>3ο</span> <span class='ocrx_word' id='word_1_258' title='bbox 121 2440 470 2503; x_wconf 86' lang='lat' dir='ltr'>respondeat.</span> <span class='ocrx_word' id='word_1_259' title='bbox 527 2440 717 2491; x_wconf 92' lang='lat' dir='ltr'>laboro</span> <span class='ocrx_word' id='word_1_260' title='bbox 753 2444 937 2490; x_wconf 89' lang='lat' dir='ltr'>autem</span> <span class='ocrx_word' id='word_1_261' title='bbox 970 2453 1083 2490; x_wconf 92' lang='lat' dir='ltr'>non</span> <span class='ocrx_word' id='word_1_262' title='bbox 1116 2440 1235 2490; x_wconf 91' lang='lat' dir='ltr'>sine</span> <span class='ocrx_word' id='word_1_263' title='bbox 1261 2453 1450 2498; x_wconf 87' lang='lat' dir='ltr'>causa;</span> <span class='ocrx_word' id='word_1_264' title='bbox 1484 2453 1612 2490; x_wconf 92' lang='lat' dir='ltr'>nam</span> <span class='ocrx_word' id='word_1_265' title='bbox 1648 2445 1701 2491; x_wconf 89' lang='lat' dir='ltr'>et</span> <span class='ocrx_word' id='word_1_266' title='bbox 1721 2441 1826 2523; x_wconf 75' lang='lat' dir='ltr'>avi</span> 
     </span>
    </p>
   </div>
   <div class='ocr_carea' id='block_1_3' title="bbox 119 2539 1838 2714">
    <p class='ocr_par' dir='ltr' id='par_1_3' title="bbox 119 2539 1838 2714">
     <span class='ocr_line' id='line_1_32' title="bbox 197 2539 1824 2593; baseline 0 -10"><span class='ocrx_word' id='word_1_267' title='bbox 197 2543 224 2583; x_wconf 88' lang='lat'>4</span> <span class='ocrx_word' id='word_1_268' title='bbox 257 2543 368 2583; x_wconf 88' lang='lat' dir='ltr'>mihi</span> <span class='ocrx_word' id='word_1_269' title='bbox 401 2553 504 2584; x_wconf 89' lang='lat' dir='ltr'>cum</span> <span class='ocrx_word' id='word_1_270' title='bbox 628 2544 725 2584; x_wconf 89' lang='lat' dir='ltr'>viro</span> <span class='ocrx_word' id='word_1_271' title='bbox 759 2543 843 2584; x_wconf 78' lang='lat' dir='ltr'>fuit</span> <span class='ocrx_word' id='word_1_272' title='bbox 873 2541 956 2583; x_wconf 88' lang='lat' dir='ltr'>BE</span> <span class='ocrx_word' id='word_1_273' title='bbox 1073 2541 1127 2582; x_wconf 87' lang='grc'>12</span> <span class='ocrx_word' id='word_1_274' title='bbox 1162 2553 1222 2583; x_wconf 89' lang='lat' dir='ltr'>ne</span> <span class='ocrx_word' id='word_1_275' title='bbox 1255 2539 1508 2591; x_wconf 88' lang='lat' dir='ltr'>repnsione</span> <span class='ocrx_word' id='word_1_276' title='bbox 1531 2543 1569 2584; x_wconf 93' lang='lat' dir='ltr'>R</span> <span class='ocrx_word' id='word_1_277' title='bbox 1601 2553 1662 2584; x_wconf 90' lang='lat' dir='ltr'>ne</span> <span class='ocrx_word' id='word_1_278' title='bbox 1688 2554 1824 2593; x_wconf 89' lang='lat' dir='ltr'>pren</span> 
     </span>
     <span class='ocr_line' id='line_1_33' title="bbox 119 2601 1838 2654; baseline 0.001 -10"><span class='ocrx_word' id='word_1_279' title='bbox 119 2603 300 2644; x_wconf 89' lang='lat' dir='ltr'>sionem</span> <span class='ocrx_word' id='word_1_280' title='bbox 333 2601 858 2654; x_wconf 86' lang='lat' dir='ltr'>ABErephensionem</span> <span class='ocrx_word' id='word_1_281' title='bbox 891 2602 932 2642; x_wconf 95' lang='lat' dir='ltr'>N</span> <span class='ocrx_word' id='word_1_282' title='bbox 964 2612 1051 2643; x_wconf 90' lang='lat' dir='ltr'>nec</span> <span class='ocrx_word' id='word_1_283' title='bbox 1083 2602 1430 2652; x_wconf 88' lang='lat' dir='ltr'>reprensionem</span> <span class='ocrx_word' id='word_1_284' title='bbox 1463 2602 1505 2643; x_wconf 90' lang='lat' dir='ltr'>V</span> <span class='ocrx_word' id='word_1_285' title='bbox 1635 2603 1838 2646; x_wconf 34' lang='lat' dir='ltr'>inanem.</span> 
     </span>
     <span class='ocr_line' id='line_1_34' title="bbox 121 2658 1822 2714; baseline -0.001 -11"><span class='ocrx_word' id='word_1_286' title='bbox 121 2673 217 2704; x_wconf 88' lang='lat' dir='ltr'>non</span> <span class='ocrx_word' id='word_1_287' title='bbox 241 2665 291 2702; x_wconf 90' lang='lat' dir='ltr'>ut</span> <span class='ocrx_word' id='word_1_288' title='bbox 323 2662 462 2704; x_wconf 89' lang='lat' dir='ltr'>credo</span> <span class='ocrx_word' id='word_1_289' title='bbox 487 2663 789 2704; x_wconf 75' lang='lat' dir='ltr'>reformidans</span> <span class='ocrx_word' id='word_1_290' title='bbox 813 2658 994 2714; x_wconf 83' lang='lat' dir='ltr'>(punct.</span> <span class='ocrx_word' id='word_1_291' title='bbox 1020 2662 1082 2702; x_wconf 88' lang='lat' dir='ltr'>ab</span> <span class='ocrx_word' id='word_1_292' title='bbox 1107 2662 1192 2702; x_wconf 80' lang='lat' dir='ltr'>alt.</span> <span class='ocrx_word' id='word_1_293' title='bbox 1211 2673 1269 2703; x_wconf 91' lang='lat' dir='ltr'>m.</span> <span class='ocrx_word' id='word_1_294' title='bbox 1292 2658 1420 2714; x_wconf 90' lang='lat' dir='ltr'>pos.)</span> <span class='ocrx_word' id='word_1_295' title='bbox 1451 2662 1493 2702; x_wconf 94' lang='lat' dir='ltr'>N</span> <span class='ocrx_word' id='word_1_296' title='bbox 1586 2662 1642 2703; x_wconf 89' lang='grc'>23</span> <span class='ocrx_word' id='word_1_297' title='bbox 1659 2673 1822 2711; x_wconf 86' lang='lat' dir='ltr'>vespm</span> 
     </span>
    </p>
   </div>
   <div class='ocr_carea' id='block_1_4' title="bbox 243 2710 449 2723">
    <p class='ocr_par' dir='ltr' id='par_1_4' title="bbox 243 2710 449 2723">
     <span class='ocr_line' id='line_1_35' title="bbox 243 2710 449 2723; baseline -0.01 0"><span class='ocrx_word' id='word_1_298' title='bbox 243 2710 449 2723; x_wconf 68' lang='lat' dir='ltr'>ooooooooooo</span> 
     </span>
    </p>
   </div>
   <div class='ocr_carea' id='block_1_5' title="bbox 119 2731 1825 3028">
    <p class='ocr_par' dir='ltr' id='par_1_5' title="bbox 119 2731 1825 3028">
     <span class='ocr_line' id='line_1_36' title="bbox 119 2731 1824 2788; baseline 0.001 -11"><span class='ocrx_word' id='word_1_299' title='bbox 119 2736 203 2778; x_wconf 86' lang='lat' dir='ltr'>BE</span> <span class='ocrx_word' id='word_1_300' title='bbox 233 2748 474 2788; x_wconf 90' lang='lat' dir='ltr'>vesperam</span> <span class='ocrx_word' id='word_1_301' title='bbox 506 2737 545 2779; x_wconf 82' lang='lat' dir='ltr'>R</span> <span class='ocrx_word' id='word_1_302' title='bbox 659 2737 716 2778; x_wconf 88' lang='grc'>24</span> <span class='ocrx_word' id='word_1_303' title='bbox 749 2737 857 2777; x_wconf 88' lang='lat' dir='ltr'>hinc</span> <span class='ocrx_word' id='word_1_304' title='bbox 881 2735 965 2777; x_wconf 88' lang='lat' dir='ltr'>BE</span> <span class='ocrx_word' id='word_1_305' title='bbox 996 2734 1072 2776; x_wconf 80' lang='lat' dir='ltr'>hic</span> <span class='ocrx_word' id='word_1_306' title='bbox 1108 2731 1171 2785; x_wconf 70' lang='lat' dir='ltr'>(Tc</span> <span class='ocrx_word' id='word_1_307' title='bbox 1201 2747 1256 2777; x_wconf 83' lang='lat' dir='ltr'>ex</span> <span class='ocrx_word' id='word_1_308' title='bbox 1287 2748 1407 2778; x_wconf 87' lang='lat' dir='ltr'>corr.</span> <span class='ocrx_word' id='word_1_309' title='bbox 1442 2749 1499 2778; x_wconf 91' lang='lat' dir='ltr'>m.</span> <span class='ocrx_word' id='word_1_310' title='bbox 1534 2734 1641 2787; x_wconf 84' lang='lat' dir='ltr'>alt.)</span> <span class='ocrx_word' id='word_1_311' title='bbox 1674 2737 1714 2777; x_wconf 95' lang='lat' dir='ltr'>N</span> <span class='ocrx_word' id='word_1_312' title='bbox 1748 2737 1824 2778; x_wconf 91' lang='lat' dir='ltr'>hic</span> 
     </span>
     <span class='ocr_line' id='line_1_37' title="bbox 120 2794 1821 2855; baseline -0.001 -18"><span class='ocrx_word' id='word_1_313' title='bbox 120 2795 163 2837; x_wconf 85' lang='lat' dir='ltr'>A</span> <span class='ocrx_word' id='word_1_314' title='bbox 195 2797 286 2839; x_wconf 90' lang='lat' dir='ltr'>huc</span> <span class='ocrx_word' id='word_1_315' title='bbox 316 2796 405 2839; x_wconf 82' lang='lat' dir='ltr'>Rv</span> <span class='ocrx_word' id='word_1_316' title='bbox 518 2796 576 2838; x_wconf 83' lang='lat'>29</span> <span class='ocrx_word' id='word_1_317' title='bbox 607 2797 807 2846; x_wconf 86' lang='lat' dir='ltr'>scipioni</span> <span class='ocrx_word' id='word_1_318' title='bbox 839 2795 970 2837; x_wconf 87' lang='lat' dir='ltr'>BER</span> <span class='ocrx_word' id='word_1_319' title='bbox 1005 2796 1192 2855; x_wconf 60' lang='lat' dir='ltr'>cepioni</span> <span class='ocrx_word' id='word_1_320' title='bbox 1224 2796 1266 2837; x_wconf 90' lang='lat' dir='ltr'>V</span> <span class='ocrx_word' id='word_1_321' title='bbox 1388 2796 1446 2838; x_wconf 90' lang='grc'>30</span> <span class='ocrx_word' id='word_1_322' title='bbox 1480 2794 1571 2846; x_wconf 86' lang='lat' dir='ltr'>avi]</span> <span class='ocrx_word' id='word_1_323' title='bbox 1606 2797 1821 2837; x_wconf 90' lang='lat' dir='ltr'>avunculi</span> 
     </span>
     <span class='ocr_line' id='line_1_38' title="bbox 120 2851 1825 2908; baseline 0.001 -12"><span class='ocrx_word' id='word_1_324' title='bbox 120 2855 332 2898; x_wconf 79' lang='lat' dir='ltr'>Schuetz.</span> <span class='ocrx_word' id='word_1_325' title='bbox 376 2851 470 2898; x_wconf 80' lang='lat' dir='ltr'>‘cui</span> <span class='ocrx_word' id='word_1_326' title='bbox 500 2858 570 2898; x_wconf 91' lang='lat' dir='ltr'>sic</span> <span class='ocrx_word' id='word_1_327' title='bbox 602 2857 842 2898; x_wconf 83' lang='lat' dir='ltr'>assentior</span> <span class='ocrx_word' id='word_1_328' title='bbox 881 2857 935 2896; x_wconf 83' lang='lat' dir='ltr'>ut</span> <span class='ocrx_word' id='word_1_329' title='bbox 972 2856 1125 2906; x_wconf 84' lang='lat' dir='ltr'>ipsum</span> <span class='ocrx_word' id='word_1_330' title='bbox 1161 2856 1426 2898; x_wconf 82' lang='lat' dir='ltr'>Ciceronem</span> <span class='ocrx_word' id='word_1_331' title='bbox 1458 2857 1825 2908; x_wconf 83' lang='lat' dir='ltr'>perturbatione</span> 
     </span>
     <span class='ocr_line' id='line_1_39' title="bbox 120 2909 1821 2967; baseline 0.001 -11"><span class='ocrx_word' id='word_1_332' title='bbox 120 2917 328 2966; x_wconf 80' lang='lat' dir='ltr'>quadam</span> <span class='ocrx_word' id='word_1_333' title='bbox 368 2917 620 2958; x_wconf 79' lang='lat' dir='ltr'>memoriae</span> <span class='ocrx_word' id='word_1_334' title='bbox 659 2917 733 2956; x_wconf 86' lang='lat' dir='ltr'>avi</span> <span class='ocrx_word' id='word_1_335' title='bbox 764 2916 1011 2967; x_wconf 79' lang='lat' dir='ltr'>scripsisse</span> <span class='ocrx_word' id='word_1_336' title='bbox 1038 2909 1219 2967; x_wconf 81' lang='lat' dir='ltr'>putem’</span> <span class='ocrx_word' id='word_1_337' title='bbox 1254 2916 1378 2957; x_wconf 78' lang='lat' dir='ltr'>Mdv.</span> <span class='ocrx_word' id='word_1_338' title='bbox 1412 2912 1490 2967; x_wconf 78' lang='lat' dir='ltr'>(cf.</span> <span class='ocrx_word' id='word_1_339' title='bbox 1525 2917 1665 2957; x_wconf 80' lang='lat' dir='ltr'>index</span> <span class='ocrx_word' id='word_1_340' title='bbox 1697 2927 1821 2957; x_wconf 86' lang='lat' dir='ltr'>nom.</span> 
     </span>
     <span class='ocr_line' id='line_1_40' title="bbox 120 2971 1023 3028; baseline -0.001 -12"><span class='ocrx_word' id='word_1_341' title='bbox 120 2977 167 3016; x_wconf 88' lang='lat' dir='ltr'>et</span> <span class='ocrx_word' id='word_1_342' title='bbox 198 2986 285 3017; x_wconf 84' lang='lat' dir='ltr'>rer.</span> <span class='ocrx_word' id='word_1_343' title='bbox 318 2987 356 3017; x_wconf 85' lang='lat' dir='ltr'>s.</span> <span class='ocrx_word' id='word_1_344' title='bbox 390 2987 430 3017; x_wconf 86' lang='grc' dir='ltr'>υ.</span> <span class='ocrx_word' id='word_1_345' title='bbox 465 2975 518 3028; x_wconf 83' lang='lat' dir='ltr'>Q.</span> <span class='ocrx_word' id='word_1_346' title='bbox 553 2975 779 3018; x_wconf 80' lang='lat' dir='ltr'>Servilius</span> <span class='ocrx_word' id='word_1_347' title='bbox 813 2971 1023 3027; x_wconf 81' lang='lat' dir='ltr'>Caepio).</span> 
     </span>
    </p>
   </div>
   <div class='ocr_carea' id='block_1_6' title="bbox 715 2518 923 2523">
    <p class='ocr_par' dir='ltr' id='par_1_6' title="bbox 715 2518 923 2523">
     <span class='ocr_line' id='line_1_41' title="bbox 715 2518 923 2523; baseline 0 0"><span class='ocrx_word' id='word_1_348' title='bbox 715 2518 923 2523; x_wconf 95' lang='lat' dir='ltr'> </span> 
     </span>
    </p>
   </div>
  </div>
 </body>
</html>
