2046 3138
232 176 333 225 186
430 166 432 169 ’
648 167 733 212 DE
766 166 1019 214 FINIBUS
1053 166 1202 214 BON.
1235 167 1314 213 ET
1347 167 1499 214 MAL.
1614 173 2005 215 Lib.Vc.2l—22

225 305 509 368 grediente
535 310 716 356 aetate
742 303 980 369 fingeret
1004 319 1182 368 neque
1209 318 1341 356 sane
1368 304 1603 357 multum
1625 305 1912 357 adiumen-

222 380 296 430 ‘tis
328 379 567 430 externis
599 384 654 430 et
683 378 1010 430 adventiciis
1040 385 1299 431 uteretur.
1342 380 1587 431 animum
1616 385 1802 433 autem
1832 394 1914 431 re-

220 452 393 515 liquis
426 453 591 504 rebus
625 454 702 504 ita
734 453 978 516 perfecit,
1010 459 1070 504 ut
1105 467 1330 517 corpus;
1364 454 1617 505 sensibus
1650 455 1795 504 enim
1828 468 1914 505 or-

228 528 381 578 navit
424 527 496 577 ad
542 541 630 578 res
674 527 1059 590 percipiendas
1103 527 1335 586 idoneis,
1380 534 1441 579 ut
1482 527 1618 579 nihil
1662 533 1759 579 aut
1800 542 1910 579 non

226 601 460 652 multum
498 601 819 652 adiumento
858 601 973 652 ullo
1011 601 1082 652 ad
1120 616 1278 653 suam
1317 602 1797 654 confirmationem
1833 603 1913 653 in·
1961 621 1983 654 5

225 674 499 738 digerent;
555 675 704 738 quod
761 672 946 728 autem
1000 677 1055 727 in
1107 676 1330 727 homine
1371 677 1909 739 praestantissimum

223 754 387 812 atque
419 750 690 812 optimum
724 755 822 808 est,
853 750 910 800 id
943 750 1200 803 deseruit.
1242 750 1346 802 etsi
1379 750 1532 802 dedit
1561 750 1727 802 talem
1760 764 1910 802 men-

223 829 347 881 tem,
385 837 526 886 quae
563 838 782 875 omnem
817 825 1077 876 virtutem
1112 826 1359 887 accipere
1397 831 1602 887 posset,
1637 826 1910 888 ingenuit-

224 911 330 960 que
369 898 487 949 sine
528 898 779 950 doctrina
816 899 1042 950 notitias
1081 913 1284 962 parvas
1324 913 1504 950 rerum
1543 900 1908 950 maximarum

218 977 271 1023 et
302 972 459 1035 quasi
491 972 728 1024 instituit
758 972 956 1024 docere
984 978 1038 1024 et
1068 973 1285 1024 induxit
1313 974 1368 1023 in
1398 987 1478 1031 ea,
1511 987 1651 1036 quae
1675 974 1904 1031 inerant,
1938 991 1981 1027 10

220 1050 502 1109 tamquam
547 1046 821 1098 elementa
865 1048 1100 1099 virtutis
1157 1047 1253 1098 sed
1298 1048 1557 1098 virtutem
1603 1048 1783 1110 ipsam
1828 1048 1908 1098 in-

133 1133 189 1173 60
222 1119 457 1179 choavit,
502 1120 637 1171 nihil
684 1121 941 1184 amplius
995 1122 1182 1185 itaque
1225 1127 1477 1173 nostrum
1522 1127 1607 1173 est
1651 1151 1713 1157 —
1759 1121 1908 1185 quod

230 1200 480 1245 nostrum
517 1195 656 1254 dim,
692 1196 825 1247 artis
859 1201 943 1247 est
975 1223 1038 1231 —-
1072 1195 1144 1246 ad
1179 1210 1244 1246 ea
1278 1196 1562 1258 principia,
1598 1210 1739 1259 quae
1767 1209 1918 1247 acce-

232 1269 430 1331 pimus,
461 1270 858 1332 consequentia
888 1271 1188 1337 exquirere,
1221 1270 1406 1333 quoad
1438 1271 1508 1322 sit
1539 1270 1611 1329 id,
1643 1270 1791 1333 quod
1822 1284 1920 1321 vo-

231 1342 430 1401 lumus,
465 1342 745 1395 effectum.
793 1344 943 1407 quod
980 1344 1201 1408 quidem
1237 1344 1411 1407 pluris
1447 1350 1531 1396 est
1563 1345 1714 1395 haud
1749 1344 1917 1408 paulo
1945 1366 1988 1400 15

230 1418 520 1484 magisque
565 1418 749 1480 ipsum
796 1423 1023 1482 propter
1065 1432 1125 1470 se
1181 1419 1554 1482 expetendum
1602 1433 1767 1482 quam
1823 1424 1918 1469 aut

232 1503 429 1544 sensus
464 1497 561 1543 aut
598 1493 845 1554 corporis
881 1506 960 1550 ea,
997 1506 1138 1558 quae
1176 1493 1431 1551 diximus
1469 1493 1669 1556 quibus
1704 1498 1917 1544 tantum

232 1575 477 1632 praestat
501 1571 700 1621 mentis
727 1570 1002 1622 excellens
1027 1570 1310 1634 perfectio,
1334 1576 1395 1622 ut
1419 1572 1513 1622 vix
1538 1572 1768 1634 cogitari
1791 1585 1919 1635 pos-

231 1644 302 1696 sit
330 1644 462 1706 quid
491 1645 720 1695 intersit.
759 1646 945 1708 itaque
971 1646 1152 1696 omnis
1180 1645 1374 1704 honOS,
1402 1646 1582 1696 omnis
1608 1645 1918 1704 admirati0‚

230 1731 393 1768 omne
434 1719 680 1769 studium
721 1718 793 1769 ad
832 1720 1091 1770 virtutem
1131 1725 1185 1770 et
1224 1720 1296 1770 ad
1337 1734 1432 1771 eas
1472 1721 1732 1779 actiones,
1774 1734 1915 1783 quae
1941 1739 1986 1774 20

229 1792 418 1843 virtuti
451 1798 579 1843 sunt
611 1798 1029 1852 consentaneae,
1060 1793 1308 1852 refertur,
1337 1807 1514 1857 eaque
1546 1795 1746 1853 omnia,
1777 1807 1919 1857 quae

229 1871 325 1917 aut
362 1867 440 1917 ita
478 1867 534 1917 in
573 1867 772 1918 animis
811 1873 939 1918 sunt
979 1873 1074 1918 aut
1112 1869 1189 1918 ita
1226 1874 1506 1931 geruntur,
1545 1882 1658 1919 uno
1691 1869 1915 1920 nomine

228 1939 528 1992 honesta
574 1940 845 1991 dicuntur.
904 1955 1138 2004 quorum
1184 1943 1430 1993 omnium
1477 1956 1618 2005 quae
1666 1943 1774 1993 sint
1818 1956 1916 1992 no-

230 2014 397 2073 titiae,
454 2028 596 2078 quae
654 2015 877 2078 quidem
935 2015 1319 2079 significentur
1373 2030 1554 2066 rerum
1611 2016 1915 2075 vocabulis,

151 2102 480 2172 22quaeque
515 2090 780 2153 cuiusque
813 2090 898 2140 vis
932 2095 1214 2160 etvnatura
1248 2091 1319 2141 sit
1350 2105 1479 2141 mox
1511 2090 1841 2141 videbimus.
1940 2108 1986 2143 25

137 2194 188 2234 61
300 2162 420 2214 Hoc
460 2168 645 2214 autem
688 2163 811 2215 loco
852 2169 1066 2215 tantum
1108 2164 1446 2226 explicemus
1488 2165 1626 2215 haec
1664 2165 1912 2223 honesta,

229 2250 371 2299 quae
401 2237 540 2296 dico,
572 2243 957 2301 praeterquam
989 2238 1138 2301 quod
1168 2244 1385 2290 nosmet
1415 2240 1570 2302 ipsos
1601 2239 1914 2302 diligamus

228 2316 513 2373 praeterea
557 2317 755 2374 suapte
800 2317 998 2362 natura
1042 2326 1139 2375 per
1183 2326 1241 2363 se
1286 2326 1409 2363 esse
1452 2313 1778 2375 expetenda.
1833 2313 1913 2363 in-

227 2384 413 2436 dicant
446 2386 617 2448 pueri,
652 2387 706 2436 in
741 2386 942 2449 quibus
974 2391 1034 2437 ut
1068 2387 1122 2436 in
1157 2387 1396 2450 speculis
1429 2393 1627 2437 natura
1660 2388 1912 2438 cernitur.

223 2465 428 2521 quanta
473 2459 658 2511 studia
713 2459 1112 2511 decertantium
1157 2463 1309 2512 sunt!
1366 2466 1572 2523 quanta
1623 2462 1747 2524 ipsa
1798 2475 1910 2512 cer-
1936 2481 1982 2516 30

298 2647 324 2689 5
356 2647 616 2698 indigerent
646 2649 794 2689 Brem.
829 2650 1055 2699 indigeret
1157 2649 1209 2690 12
1242 2650 1440 2700 amplius
1465 2651 1620 2699 itaque
1644 2649 1727 2690 BE
1758 2650 1914 2698 itaque

223 2704 515 2756 ampliusRN
523 2707 565 2747 V
615 2707 668 2748 15
687 2711 756 2748 est
769 2709 960 2750 Thurot.
972 2705 1143 2758 (Revue
1156 2711 1353 2760 critique
1364 2713 1477 2759 1870,
1490 2714 1526 2750 1.
1536 2711 1756 2750 semestre
1766 2721 1813 2759 ρ.
1822 2713 1871 2748 21
1869 2705 1914 2758 ),·

223 2769 328 2806 sunt
358 2766 396 2806 R
427 2767 485 2806 sit
515 2766 606 2807 NV
637 2779 727 2808 om.
752 2767 835 2808 BE
940 2768 994 2809 21
1030 2772 1346 2810 consentanee
1376 2772 1483 2809 sunt
1513 2768 1596 2810 BE
1701 2768 1758 2809 23
1792 2778 1913 2817 quae

222 2825 456 2867 Matthiae
473 2822 776 2875 (Vermischte
792 2826 1025 2879 Schriften
1046 2832 1148 2869 1833
1168 2833 1277 2879 p.3l
1292 2825 1410 2878 sq.)‚·
1435 2838 1619 2877 queque
1709 2827 1766 2867 24
1793 2838 1912 2876 quae

225 2885 410 2932 quidem
434 2884 505 2926 Se.
540 2897 753 2935 quaeque
779 2883 1002 2939 (queque)
1027 2888 1209 2929 BENV
1239 2899 1331 2937 que
1356 2888 1393 2928 R
1473 2886 1736 2937 significent
1755 2886 1837 2927 BE

224 2942 281 2982 25
314 2944 538 2993 cuiusque
562 2946 632 2986 vis
655 2945 748 2986 NV
779 2947 981 2988 cuiusvis
1012 2947 1095 2987 BE
1126 2949 1258 2988 cuius
1288 2947 1359 2987 vis
1389 2946 1428 2987 R
1534 2943 1658 2995 mox]
1689 2958 1736 2997 p.
1755 2950 1844 2996 189,
1859 2950 1913 2987 20

224 3012 325 3052 sqq.
447 3002 504 3042 28
537 3004 743 3044 iudicant
774 3004 902 3047 BER
1024 3006 1082 3047 30
1111 3009 1218 3047 eunt
1248 3006 1286 3046 R
1317 3006 1408 3046 sint
