2046 3138
139 1482 196 1524 94

222 151 329 202 202
415 132 417 135 Α
645 143 731 188 DE
764 141 1018 189 FINIBUS
1051 141 1201 188 BON.
1234 141 1312 187 ET
1346 140 1499 187 MAL.
1612 144 2004 187 Lib.Vc.31—32

224 294 330 345 que
351 281 649 332 virtutibus
674 285 1011 338 ornatorum,
1032 279 1204 331 vitam
1227 278 1486 331 omnibus
1511 278 1760 342 partibus
1784 277 1910 341 plus

218 355 427 406 'habere
480 367 698 418 semper
751 354 882 406 boni
936 368 1102 418 quam
1155 353 1328 404 mali?
1392 352 1529 409 Quis
1582 353 1689 403 hoc
1738 352 1909 403 dicit?

224 429 393 481 Stoici
437 429 659 481 scilicet.
715 427 967 486 Minime;
1021 427 1120 480 sed
1164 428 1254 479 isti
1309 428 1432 490 ipsi,
1488 427 1581 490 qui
1619 426 1910 489 voluptate

223 509 278 555 et
323 502 516 555 dolore
563 502 751 554 omnia
794 503 1109 561 metiuntur,
1156 515 1340 553 nonne
1387 501 1627 552 clamant
1673 500 1910 563 sapienti

224 577 350 641 plus
395 591 614 641 semper
658 577 857 628 adesse
913 576 1063 640 quod
1117 575 1252 627 velit
1308 589 1473 639 quam
1531 574 1681 638 quod
1733 573 1910 625 nolit?
1958 588 1981 622 5

224 666 347 703 cum
393 657 607 703 tantum
654 651 824 715 igitur
867 651 924 701 in
969 652 1172 702 virtute
1208 655 1418 713 ponant
1452 649 1504 708 ii,
1537 649 1630 712 qui
1667 647 1912 700 fatentur

226 740 286 778 se
353 726 574 778 virtutis
633 739 815 784 causa,
870 725 976 775 nisi
1033 738 1100 775 ea
1154 724 1500 787 voluptatem
1558 723 1779 782 faceret,
1842 736 1911 773 ne

224 815 449 851 manum
480 800 703 863 quidem
733 813 995 851 versuros
1025 799 1215 857 fuisse,
1246 798 1379 862 quid
1410 797 1594 849 facere
1621 811 1725 848 nos
1750 810 1914 860 opor-

225 880 316 934 tet,
353 875 445 938 qui
485 875 740 937 quamvis
775 874 1061 924 minimam
1098 874 1267 923 animi
1305 872 1701 936 praestantiam
1739 871 1913 922 omni-

225 949 330 1000 bus
363 949 525 1000 bonis
563 949 810 1012 corporis
846 948 1054 999 anteire
1091 947 1357 1005 dicamus
1393 951 1454 997 ut
1488 959 1554 997 ea
1584 959 1654 997 ne
1691 946 1746 996 in
1784 958 1912 996 con·
1939 959 1984 994 10

227 1029 418 1087 spectu
459 1023 682 1087 quidem
724 1022 1142 1085 relinquantur?
1192 1022 1315 1084 quis
1354 1025 1439 1072 est
1477 1020 1638 1078 enim,
1679 1020 1772 1083 qui
1807 1019 1915 1070 hoc

227 1097 424 1149 cadere
458 1098 513 1147 in
552 1098 858 1160 sapientem
896 1096 1076 1147 dicere
1111 1095 1331 1154 audeat,
1368 1100 1443 1154 ut,
1480 1095 1526 1145 si
1558 1093 1681 1145 fieri
1720 1094 1913 1157 possit,

225 1172 486 1224 virtutem
519 1172 574 1222 in
610 1177 938 1235 perpetuum
972 1170 1187 1228 abiciat,
1221 1174 1282 1220 ut
1315 1168 1509 1220 dolore
1541 1169 1692 1219 omni
1722 1167 1916 1218 libere-

227 1247 354 1298 tur?
403 1246 527 1310 quis
566 1251 817 1297 nostrum
857 1244 1251 1307 dixerit,·quos
1290 1257 1401 1294 non
1442 1242 1614 1306 pudet
1649 1255 1730 1300 ea,
1771 1255 1913 1305 quae

227 1319 396 1372 Stoici
427 1334 627 1383 aspera
660 1319 864 1378 dicunt,
895 1318 1043 1369 mala
1075 1318 1270 1376 dicere,
1302 1317 1501 1368 melius
1533 1330 1656 1368 esse
1683 1316 1917 1379 turpiter
1941 1329 1986 1366 15

227 1394 438 1458 aliquid
475 1393 658 1446 facere
698 1407 821 1450 cum
857 1392 1147 1456 voluptate
1186 1406 1351 1455 quam
1388 1391 1620 1442 honeste
1658 1404 1781 1441 cum
1817 1390 1915 1441 do-

228 1468 384 1520 lore?
430 1468 592 1520 nobis
633 1466 986 1519 Heracleotes
1026 1465 1118 1518 ille
1156 1465 1460 1530 Dionysius
1499 1464 1782 1528 flagitiose
1822 1463 1916 1515 de-

229 1543 459 1595 scivisse
493 1542 715 1593 videtur
752 1555 786 1592 a
822 1540 1021 1592 Stoicis
1060 1545 1286 1604 propter
1322 1539 1610 1591 oculorum
1649 1538 1914 1590 dolorem.

229 1617 388 1681 quasi
422 1630 556 1668 vero
594 1616 701 1667 hoc
737 1615 1023 1666 didicisset
1059 1629 1092 1665 a
1126 1615 1364 1672 Zenone,
1401 1627 1513 1664 non
1549 1612 1751 1672 dolere,
1791 1626 1914 1664 cum

231 1694 461 1746 doleret!
521 1690 658 1740 illud
708 1689 962 1740 audierat
1003 1702 1105 1739 nec
1147 1694 1330 1740 tamem
1377 1687 1660 1745 didicerat,
1708 1687 1914 1737 malum
1941 1702 1986 1737 20

229 1765 366 1816 illud
408 1779 520 1817 non
563 1778 701 1823 esse,
744 1764 875 1827 quia
915 1768 1076 1826 turpe
1117 1776 1229 1814 non
1271 1767 1433 1820 esset,
1471 1767 1526 1813 et
1568 1775 1692 1812 esse
1734 1760 1915 1812 feren-

231 1840 363 1890 dum
403 1841 539 1890 viro.
591 1839 680 1889 hic
720 1839 766 1888 si
808 1838 1204 1900 Peripateticus
1247 1835 1460 1894 fuisset,
1502 1835 1913 1898 permansisset,

232 1914 411 1972 credo,
452 1914 506 1963 in
548 1914 834 1971 sententia,
876 1913 967 1975 qui
1010 1911 1258 1962 dolorem
1299 1910 1506 1960 malurn
1549 1910 1738 1982 dicunt
1774 1923 1912 1967 esse,

232 1988 301 2040 de
336 1988 635 2051 asperitate
673 1992 858 2038 autem
894 1987 1014 2037 eius
1052 1985 1268 2037 fortiter
1304 1984 1534 2036 ferenda
1571 1984 1918 2048 praecipiunt

230 2063 441 2121 eadem,
482 2076 623 2126 quae
664 2060 849 2113 Stoici.
900 2060 965 2111 Et
1017 2059 1242 2123 quidem
1291 2058 1569 2110 Arcesilas
1621 2063 1764 2117 tuuS,
1812 2058 1915 2109 etsi
1941 2074 1987 2109 25

231 2137 337 2188 fuit
364 2138 420 2188 in
452 2135 779 2188 disserendo
808 2135 1154 2198 pertinacior,
1194 2139 1379 2184 tamen
1408 2137 1597 2184 noster
1635 2131 1766 2190 fuit;
1800 2139 1919 2183 erat

230 2212 375 2262 enim
414 2210 746 2261 Polemonis.
796 2210 843 2260 is
883 2223 1005 2259 cum
1044 2208 1262 2259 arderet
1302 2207 1586 2271 podagrae
1626 2205 1912 2257 doloribus

230 2286 622 2348 visitassetque
655 2284 936 2335 hominem
975 2282 1298 2334 Charmides
1323 2281 1622 2344 Epicureus
1658 2279 1918 2343 perfami-

230 2360 382 2410 liaris
414 2365 469 2411 et
502 2359 674 2411 tristis
707 2359 893 2416 exiret,
928 2357 1106 2416 Mane,
1142 2369 1366 2420 quaeso,
1400 2356 1591 2419 inquit,
1622 2354 1915 2406 Charmide

246 2538 249 2540 .
308 2502 329 2543 1
365 2513 456 2552 que
488 2514 578 2543 om.
610 2501 694 2543 BE
784 2501 811 2543 3
845 2501 987 2541 Stoici
1012 2501 1187 2541 scilicet
1209 2499 1366 2541 Lamb.
1392 2498 1550 2539 stoicis
1581 2497 1687 2538 licet
1779 2496 1804 2537 7
1836 2506 1917 2536 vo-

230 2563 450 2612 luptatem
491 2561 661 2603 faceret
690 2561 800 2602 RKl.
832 2560 1069 2609 voluptate
1095 2561 1307 2610 *maceret
1337 2557 1470 2598 BEV
1499 2557 1781 2606 voluptatem
1823 2565 1918 2595 ma-

232 2625 353 2663 ceret
383 2621 422 2663 R
571 2620 598 2661 9
631 2620 955 2671 praestantiam
999 2619 1139 2658 animi
1181 2617 1265 2658 BE
1417 2616 1472 2657 14
1503 2626 1622 2666 quos
1661 2616 1775 2656 dett.
1815 2615 1919 2664 quis

230 2680 359 2723 BER
398 2691 534 2731 quem
566 2679 609 2721 V
762 2678 816 2719 18
849 2675 1101 2727 oculorum]
1141 2670 1302 2730 g-{enu
1333 2676 1372 2718 R
1413 2672 1544 2726 (num
1576 2675 1822 2725 leyendum
1852 2674 1919 2713 sit

231 2750 389 2780 renum
422 2751 510 2781 sec.
547 2739 678 2781 Tusc.
702 2739 746 2779 ΙΙ
767 2742 818 2779 60
856 2739 1081 2779 incertum
1115 2733 1205 2787 est)
1367 2734 1421 2776 19
1453 2735 1586 2785 quasi
1617 2734 1773 2774 Lamb.
1814 2733 1916 2782 quis

306 2799 396 2841 hoc
426 2809 536 2840 vero
568 2799 606 2840 R
726 2797 779 2838 21
816 2800 862 2838 et
892 2807 997 2838 esse
1028 2797 1078 2837 Ρ.
1098 2796 1226 2837 Μαη.
1267 2797 1312 2835 et
1343 2797 1467 2836 esset
1585 2791 1641 2833 22
1672 2792 1769 2832 viro
1802 2793 1916 2832 dett.

230 2868 339 2899 vero
460 2858 516 2899 23
550 2859 628 2909 qui
660 2857 742 2898 BE
774 2856 853 2907 q-ni
884 2852 967 2906 (=
993 2852 1233 2906 quoniam)
1265 2854 1354 2895 RV
1465 2851 1523 2893 28
1554 2851 1810 2892 charmides
1834 2849 1918 2890 BE

232 2917 456 2958 carimdes
486 2918 524 2959 R
556 2917 807 2958 carneades
837 2915 879 2958 V
984 2915 1235 2965 Epicureus
1265 2913 1389 2954 Mdv.
1421 2912 1633 2962 epicurus
1738 2909 1795 2950 29
1821 2920 1916 2951 car-

234 2977 355 3017 mide
387 2976 423 3017 B
457 2977 642 3017 carnide
674 2976 708 3017 E
740 2975 939 3017 carimde
970 2974 1007 3016 R
1039 2973 1289 3015 carneades
1320 2971 1362 3013 V
1504 2982 1506 2984 ’
