2046 3138
49 152 78 203 ξ
111 154 285 196 73-76
563 149 648 194 DE
681 148 934 195 FINIBUS
968 147 1118 195 BON.
1151 147 1230 194 ET
1263 147 1415 194 MAL.
1738 156 1840 206 119

142 305 233 342 rex
259 305 426 355 quam
452 290 794 354 TarquiniuS,
821 290 914 353 qui
940 304 1042 341 nec
1067 304 1127 341 se
1152 304 1255 340 nec
1280 304 1411 341 suos
1437 303 1624 354 regere
1650 290 1840 352 potuit,

141 366 337 417 rectius
363 366 622 429 magister
648 364 838 428 populi
866 389 935 397 —
962 365 1006 414 is
1042 366 1187 415 enim
1216 369 1297 415 est
1322 365 1551 416 dictator
1575 389 1646 397 -
1672 378 1838 427 quam

141 440 307 499 Sulla,
341 441 434 504 qui
468 440 626 490 trium
662 439 1038 502 pestiferorum
1071 440 1343 499 vitiorum,
1377 439 1636 498 luxuriae,
1669 440 1841 490 avari-

140 516 262 574 tiae,
279 515 624 573 crudelitatiS,
638 515 898 577 magister
912 513 1023 572 fuit,
1043 515 1238 564 rectius
1251 515 1406 565 dives
1418 529 1583 577 quam
1597 513 1838 574 Crassus,

91 603 115 639 5
141 591 234 654 qui
260 590 364 640 nisi
391 589 646 653 eguisset,
673 602 978 651 numquam
1004 588 1315 651 Euphraten
1342 589 1493 639 nulla
1518 589 1647 640 belli
1673 603 1840 640 causa

138 666 362 715 transire
394 663 676 715 voluisset.
739 668 883 714 recte
925 663 1042 714 eius
1085 664 1271 714 omnia
1312 664 1571 723 dicentur,
1613 664 1706 727 qui
1740 666 1840 715 scit

138 739 215 790 uti
251 739 404 790 solus
438 738 710 796 omnibuS,
744 742 887 788 recte
922 738 1086 788 etiam
1122 738 1346 800 pulcher
1380 738 1743 801 appellabitur
1768 765 1838 772 —

138 814 305 864 animi
325 814 470 864 enim
498 813 816 863 liniamenta
833 817 960 863 sunt
982 812 1291 875 pulchriora
1310 827 1476 876 quam
1497 815 1737 876 corporis
1753 839 1838 873 —,

137 893 280 940 recte
305 888 457 939 solus
484 887 618 939 liber
642 902 745 938 nec
770 887 1134 938 dominationi
1161 888 1487 950 cuiusquam
1515 902 1711 950 parens
1738 903 1840 939 nec

70 976 114 1012 10
138 963 444 1014 oboediens
479 962 776 1025 cupiditati,
821 967 964 1012 recte
998 963 1247 1021 invictuS‚
1289 963 1443 1013 cuius
1479 964 1692 1013 etiamsi
1727 978 1840 1014 cor-

136 1053 239 1101 pus
268 1038 681 1100 constringatur,
715 1038 900 1088 animo
928 1042 1114 1087 tamen
1138 1037 1361 1087 vincula
1385 1038 1511 1088 inici
1537 1037 1690 1088 nulla
1714 1053 1840 1101 pos-

135 1113 255 1171 sint,
281 1126 384 1163 nec
410 1116 660 1175 expectet
676 1112 848 1162 ullum
875 1116 1092 1174 tempus
1111 1113 1319 1171 aetatis,
1354 1112 1430 1162 uti
1457 1117 1571 1162 tum
1599 1113 1838 1176 denique
1873 1119 1928 1159 76

135 1187 403 1238 iudicetur
445 1187 714 1237 beatusne
758 1187 929 1245 fuerit,
983 1201 1108 1237 cum
1154 1192 1455 1238 extremum
1499 1188 1647 1238 vitae
1692 1188 1838 1238 diem

136 1266 310 1313 morte
343 1261 649 1320 confecerit,
684 1262 835 1325 quod
869 1261 960 1312 ille
1001 1276 1143 1312 unus
1178 1276 1208 1312 e
1242 1267 1454 1324 septem
1495 1263 1838 1325 sapientibus

69 1349 113 1385 15
137 1351 249 1388 non
275 1338 550 1400 sapienter
576 1335 839 1387 Croesum
865 1337 1099 1395 monuit;
1126 1351 1255 1386 nam
1282 1338 1327 1387 si
1353 1337 1547 1387 beatus
1573 1351 1838 1401 umquam

135 1411 341 1471 fuisset,
374 1412 594 1462 beatam
626 1412 796 1461 vitam
831 1425 1008 1475 usque
1034 1411 1104 1461 ad
1130 1411 1283 1461 illum
1311 1425 1344 1461 a
1370 1410 1508 1475 Cyro
1537 1417 1838 1463 extructum

134 1500 329 1550 rogum
363 1485 686 1549 pertulisset.
743 1486 894 1550 quod
929 1487 973 1536 si
1007 1487 1082 1536 ita
1115 1491 1210 1545 est,
1244 1491 1302 1536 ut
1334 1501 1517 1549 neque
1543 1488 1837 1550 quisquam

135 1562 239 1611 nisi
273 1561 454 1612 bonus
485 1561 567 1611 vir
600 1565 653 1611 et
686 1575 880 1612 omnes
921 1561 1053 1612 boni
1095 1561 1242 1611 beati
1275 1562 1395 1620 sint,
1430 1561 1563 1624 quid
1597 1562 1839 1624 philoso-

137 1636 268 1699 phia
299 1637 476 1700 magis
511 1635 805 1687 colendum
840 1640 934 1686 aut
966 1636 1098 1698 quid
1134 1641 1216 1686 est
1245 1636 1443 1687 virtute
1477 1637 1754 1688 divinius?

65 1947 112 1982 20
545 1916 631 1982 M.
673 1915 922 1982 TULLI
972 1915 1427 1983 CICERONIS

173 2021 288 2085 DE
337 2020 674 2087 FINIBUS
724 2020 1163 2087 BONORUM
1210 2021 1316 2086 ET
1362 2021 1804 2087 MALORUM

702 2172 899 2223 LIBER
933 2171 1266 2228 QUARTUS

212 2261 370 2319 Quae
412 2277 535 2313 cum
579 2262 818 2321 dixisset,
860 2263 1026 2313 finem
1067 2261 1172 2313 ille.
1238 2276 1342 2326 ego
1389 2267 1596 2314 autern:
1641 2263 1724 2314 Ne
1764 2269 1835 2323 tu,
1876 2245 1895 2292 ¹

139 2339 381 2402 inquam,
416 2336 566 2396 Cato,
600 2338 704 2387 ista
738 2338 1054 2400 exposuisti,
1088 2342 1147 2387 ut
1179 2342 1289 2387 tam
1316 2337 1487 2387 multa
1512 2338 1836 2398 memoriter,
1872 2315 1892 2356 ¹

68 2425 113 2461 25
137 2417 196 2463 ut
228 2417 338 2462 tam
370 2413 618 2470 obscura,
653 2411 906 2462 dilucide.
961 2412 1146 2475 itaque
1180 2416 1273 2462 aut
1307 2413 1622 2463 omittamus
1650 2418 1837 2464 contra

136 2488 363 2538 omnino
403 2486 548 2537 velle
589 2486 796 2550 aliquid
839 2491 932 2536 aut
972 2487 1210 2549 spatium
1251 2501 1535 2537 sumamus
1578 2488 1647 2538 ad
1690 2489 1836 2552 cogi-

211 2666 237 2707 2
257 2666 449 2708 dictator
465 2669 535 2708 est
550 2665 632 2706 BE
705 2665 733 2706 8
759 2677 896 2716 quam
915 2666 1118 2716 corporis
1135 2665 1226 2707 NV
1251 2677 1388 2716 quam
1415 2667 1684 2715 corporibus
1701 2665 1836 2706 ABE

134 2726 405 2776 corporibus
430 2721 540 2775 (om.
568 2722 726 2776 quam)
752 2725 790 2767 R
891 2724 945 2766 12
970 2726 1035 2765 uti
1059 2728 1154 2766 tum
1179 2725 1250 2767 Se.
1275 2729 1324 2766 ut
1348 2728 1442 2765 tum
1470 2722 1537 2775 (ut
1562 2727 1609 2766 ἱη
1628 2737 1738 2775 ras„
1763 2738 1836 2767 se-

134 2817 304 2866 quente
336 2827 431 2856 ras.
458 2820 486 2855 2
513 2817 585 2857 vel
610 2819 637 2856 3
670 2811 781 2865 litt.)
814 2815 855 2855 N
887 2815 1099 2856 virtutum
1132 2814 1266 2856 ABE
1308 2790 1438 2855 ilituffi
1470 2815 1508 2856 R
1548 2815 1627 2855 ubi
1667 2818 1762 2855 tum
1794 2815 1836 2856 V

210 2873 265 2915 18
297 2876 448 2916 omnis
479 2874 661 2916 ABER
815 2875 872 2916 24
905 2878 953 2916 ut
984 2878 1075 2916 tam
1109 2875 1250 2916 multa
1280 2874 1363 2915 BE
1394 2876 1533 2915 vitam
1568 2875 1708 2915 multa
1738 2874 1835 2916 AR

135 2934 182 2974 ln
206 2937 298 2975 tam
324 2934 466 2975 multa
489 2934 580 2976 NV
673 2935 729 2975 25
754 2937 803 2975 ut
827 2937 917 2975 tam
937 2936 1133 2977 obscura
1156 2935 1280 2976 Mdv.
1312 2936 1450 2975 vitam
1479 2936 1674 2982 obscura
1698 2934 1780 2982 ΒΕ
1797 2935 1834 2984 R

137 2996 183 3038 ln
215 2997 306 3037 tam
340 2994 536 3037 obscura
568 2993 710 3041 ANV
