2046 3138
121 569 177 608 69

123 1536 177 1577 70

122 2156 184 2204 21

123 2227 171 2267 71

211 131 282 182 30
638 122 723 168 DE
756 121 1010 168 FINIBUS
1043 120 1194 168 BON.
1227 122 1305 167 ET
1339 121 1490 168 MAL.
1623 125 1984 167 Lib.Ic.20--21

211 265 340 328 quit,
374 258 621 315 ‘scientia
647 262 987 314 confirmavit
1012 263 1270 321 animum,
1303 277 1372 312 ne
1397 262 1547 326 quod
1580 267 1673 312 aut
1704 263 1901 324 sempi-

210 344 422 390 ternum
463 343 556 389 aut
597 337 909 388 diuturnum
943 338 1154 388 timeret
1186 336 1406 396 malum,
1446 350 1589 399 quae
1629 338 1902 399 perspexit

211 414 265 463 in
299 414 405 464 hoc
438 413 559 475 ipso
593 412 740 462 vitae
774 412 952 474 spatio
994 412 1265 462 amicitiae
1299 411 1630 473 praesidium
1665 424 1789 462 esse
1818 410 1902 461 fir-

212 482 550 538 missimum.‘

285 561 422 612 Sunt
455 567 637 612 autem
664 560 888 623 quidam
915 561 1161 623 Epicurei
1194 560 1495 611 timidiores
1521 559 1687 622 paulo
1714 564 1900 610 contra
1945 571 1969 604 5

208 642 389 687 vestra
422 636 683 693 convicia,
717 635 814 685 sed
847 640 1030 685 tamen
1057 636 1187 685 satis
1220 636 1378 693 acuti,
1412 635 1506 697 qui
1530 639 1783 685 verentur
1815 648 1899 692 ne,

211 713 255 761 si
295 711 588 761 amicitiam
623 714 840 772 propter
879 714 1119 760 nostram
1153 709 1493 772 voluptatem
1535 708 1899 771 expetendam

211 791 479 848 putemus,
518 790 634 836 tota
673 785 911 834 amicitia
943 785 1100 847 quasi
1142 783 1447 834 claudicare
1478 783 1742 844 videatur.
1806 784 1901 833 ita-

211 875 318 923 que
352 861 555 922 primos
590 872 916 922 congressus
950 858 1441 922 copulationesque
1475 863 1527 908 et
1552 857 1901 909 consuetudi-

210 949 343 984 num
361 932 813 984 instituendarum
830 933 1143 983 voluntates
1168 932 1282 983 fieri
1302 937 1519 995 propter
1535 932 1900 995 voluptatem;
1927 942 1970 977 10

212 1023 334 1060 cum
377 1014 560 1059 autem
601 1021 733 1058 usus
783 1007 1139 1071 progrediens
1187 1007 1605 1057 familiaritatem
1654 1006 1903 1065 effecerit,

211 1089 324 1133 tum
366 1097 609 1134 amorem
651 1082 991 1133 efflorescere
1025 1086 1249 1141 tantum,
1294 1087 1367 1141 ut,
1409 1082 1621 1132 etiamsi
1654 1081 1804 1132 nulla
1835 1082 1903 1131 sit

212 1158 414 1208 utilitas
449 1171 514 1208 ex
548 1157 800 1215 amicitia,
841 1162 1024 1207 tamen
1066 1157 1170 1219 ipsi
1215 1157 1374 1206 amici
1409 1161 1626 1218 propter
1658 1170 1720 1206 se
1751 1157 1902 1218 ipsos

212 1237 472 1283 amentur.
530 1233 731 1283 etenim
765 1232 809 1281 si
835 1231 971 1290 loca,
1005 1232 1051 1281 si
1076 1231 1216 1289 fana,
1251 1232 1296 1280 si
1322 1231 1498 1289 urbes,
1530 1232 1576 1280 si
1602 1231 1902 1294 gymnasia,

212 1308 255 1357 si
290 1321 560 1369 campum,
587 1308 631 1356 si
665 1319 844 1364 caneS,
879 1307 924 1355 si
959 1319 1147 1369 equo8,
1181 1306 1225 1355 si
1252 1305 1458 1356 ludicra
1491 1304 1777 1356 exercendi
1811 1310 1903 1354 aut
1930 1314 1971 1350 15

209 1381 450 1432 venandi
491 1380 888 1432 consuetudine
930 1380 1187 1430 adamare
1220 1380 1478 1438 solemus,
1519 1384 1725 1442 quanto
1759 1379 1814 1428 id
1848 1380 1902 1428 in

211 1456 496 1506 hominum
531 1455 928 1506 consuetudine
969 1454 1179 1504 facilius
1211 1453 1326 1504 fieri
1360 1455 1556 1517 poterit
1589 1458 1642 1504 et
1673 1454 1903 1504 iustius?

285 1529 423 1580 Sunt
470 1535 668 1589 autem,
718 1530 810 1592 qui
857 1529 1039 1579 dicant
1081 1528 1277 1580 foedus
1326 1542 1447 1579 esse
1492 1528 1774 1592 quoddam
1819 1542 1902 1578 sa-

211 1606 492 1667 pientium,
532 1610 590 1654 ut
622 1619 692 1655 ne
725 1605 905 1654 minus
939 1605 1146 1655 amicos
1181 1617 1348 1665 quam
1381 1618 1441 1655 se
1474 1604 1626 1666 ipsos
1660 1602 1902 1665 diligant.

211 1679 360 1742 quod
399 1684 450 1729 et
493 1693 657 1741 posse
698 1679 812 1728 fieri
853 1678 1220 1742 intellegimus
1255 1683 1308 1728 et
1339 1692 1507 1740 saepe
1549 1678 1713 1727 etiam
1751 1676 1902 1726 vide·
1925 1685 1970 1721 20

211 1768 347 1812 mus
381 1759 434 1804 et
466 1754 812 1816 perspicuum
848 1758 930 1803 est
961 1752 1095 1802 nihil
1128 1751 1198 1802 ad
1232 1752 1469 1803 iucunde
1500 1751 1800 1802 vivendum
1826 1765 1903 1801 re-

211 1829 368 1890 periri
402 1841 582 1890 posse,
615 1827 766 1891 quod
799 1828 1184 1878 coniunctione
1216 1827 1309 1878 tali
1343 1827 1411 1877 sit
1442 1827 1637 1889 aptius,

287 1901 500 1958 Quibus
542 1915 608 1952 ex
650 1901 906 1952 omnibus
948 1902 1171 1951 iudicari
1214 1906 1395 1964 potest
1434 1915 1545 1951 non
1586 1900 1755 1951 modo
1790 1913 1902 1950 non

211 1976 460 2039 impediri
493 1977 759 2027 rationem
793 1976 1079 2035 amicitiae,
1113 1977 1157 2026 si
1191 1990 1468 2027 summum
1494 1975 1701 2026 bonurn
1728 1974 1783 2023 in
1807 1987 1903 2024 vo-

212 2051 418 2113 luptate
466 2055 713 2113 ponatur,
769 2050 866 2101 sed
914 2051 1032 2100 sine
1077 2051 1182 2101 hoc
1229 2051 1624 2100 institutionem
1673 2049 1899 2099 omnino
1925 2058 1969 2093 ᾗ

211 2125 482 2176 amicitiae
514 2139 627 2176 non
661 2139 827 2187 posse
860 2125 1092 2187 reperiri.

285 2198 629 2262 Quapropter
661 2200 706 2249 si
740 2213 819 2258 ea,
860 2213 1003 2262 quae
1036 2199 1162 2258 dixi,
1202 2199 1320 2251 sole
1361 2200 1483 2261 ipso
1526 2197 1818 2248 illustriora
1849 2201 1902 2246 et

211 2273 436 2324 clariora
468 2278 607 2332 sunt,
648 2274 693 2323 si
728 2274 914 2324 omnia
946 2273 1056 2322 dixi
1098 2273 1295 2324 hausta
1328 2288 1358 2324 e
1391 2273 1540 2323 fonte
1573 2276 1813 2329 naturae,
1855 2271 1898 2319 si

210 2353 324 2398 tota
369 2349 540 2398 oratio
585 2352 772 2398 nostra
815 2361 1035 2398 omnem
1077 2348 1179 2398 sibi
1221 2348 1387 2399 fidem
1421 2346 1675 2397 sensibus
1708 2344 1898 2396 confir-

287 2479 307 2519 1
336 2478 546 2529 scientia]
573 2481 802 2521 sententia
822 2479 905 2519 BE
996 2479 1023 2519 6
1048 2483 1204 2521 nostra
1227 2481 1428 2520 convitia
1448 2479 1490 2520 V
1514 2479 1725 2519 convicia
1748 2480 1903 2517 nostra

211 2538 293 2579 BE
461 2539 516 2580 10
547 2539 807 2579 voluntates
840 2538 882 2578 A
913 2539 1174 2588 voluptates
1198 2539 1236 2580 R
1274 2540 1560 2589 voluptatum
1585 2537 1677 2579 NV
1707 2548 1795 2577 om.
1821 2535 1902 2575 BE

283 2595 584 2649 voluptatem]
616 2599 876 2648 voluptates
900 2598 938 2639 R
1018 2598 1072 2638 15
1104 2599 1142 2639 si
1174 2598 1372 2639 ludicras
1399 2591 1465 2638 Α*
1494 2599 1534 2638 si
1565 2597 1782 2637 ludicrica
1805 2595 1843 2635 R

213 2657 267 2698 16
291 2654 712 2700 consuetudinesA
735 2657 1096 2700 consuetudines
1121 2657 1159 2699 R
1278 2658 1332 2698 17
1358 2658 1524 2707 poterit
1547 2657 1651 2697 edd.
1702 2654 1900 2704 potuerit

287 2716 341 2757 18
372 2718 634 2767 sapientum
665 2716 707 2758 V
737 2714 869 2767 sapffi
901 2713 983 2766 (Ξ
1002 2717 1246 2766 sapientia,
1281 2728 1372 2768 pro
1404 2715 1539 2766 sapiu
1564 2730 1620 2747 ==
1645 2711 1897 2764 sapientffi)

210 2775 252 2817 R
334 2776 389 2816 19
421 2778 572 2817 minus
596 2777 771 2817 amicos
796 2788 932 2826 quam
955 2777 1004 2817 Ρ.
1022 2777 1148 2817 Μαη.
1176 2777 1326 2817 minus
1351 2777 1536 2825 quidem
1563 2775 1737 2814 amicos
1762 2783 1898 2822 quam

211 2835 397 2877 ARNV
430 2837 580 2876 minus
612 2846 748 2886 quam
782 2837 956 2876 amicos
987 2835 1068 2875 BE
1199 2835 1256 2876 20
1287 2835 1387 2876 fieri
1419 2845 1560 2884 posse
1591 2832 1671 2873 BE
1762 2832 1899 2872 etiam

210 2893 328 2935 Dav.
361 2896 484 2936 enim
583 2895 635 2936 21
666 2897 712 2935 et
741 2894 798 2935 26
831 2906 958 2944 repp.
985 2895 1025 2934 A
1120 2894 1176 2935 28
1210 2895 1366 2935 omnia
1399 2894 1491 2934 dixi
1524 2894 1760 2933 hausta=
1787 2891 1899 2931 nihil

211 2954 303 2994 dixi
337 2954 424 2994 nisi
458 2955 584 3003 quod
617 2955 828 2995 haustum
863 2958 986 2994 esset
