2002 3068
0 6 6 56 l
64 31 91 82 ς
120 31 295 73 39—-43
575 25 660 71 DE
693 23 946 71 F1N113Us
980 23 1130 71 Bou.
1166 22 1242 68 ET
1277 22 1428 69 MAL.
1783 31 1847 80 19

153 170 304 219 initia
330 167 742 231 proficiscuntur
777 172 870 218 aut
895 180 929 216 a
952 165 1236 229 voluptate
1261 171 1355 216 aut
1379 179 1412 215 a
1438 164 1641 216 dolore.
1697 164 1847 228 quod

153 258 276 294 curn
326 244 399 293 ita
445 243 526 301 sit,
582 242 928 305 perspicuum
985 246 1066 291 est
1114 241 1293 292 omnis
1346 245 1518 291 rectas
1558 253 1642 290 res
1683 244 1848 302 atque

152 316 443 368 laudabilis
471 331 536 368 eo
556 316 749 375 referri,
775 322 832 367 ut
859 330 981 366 cum
1007 315 1291 378 voluptate
1307 315 1535 365 vivatur.
1584 314 1846 378 quoniam

152 397 334 443 autern
377 391 431 441 id
474 397 555 442 est
593 391 681 442 vel
722 405 997 442 summum
1040 391 1310 441 bonorum
1343 389 1432 440 vel
1475 389 1725 439 ultimum
1758 387 1845 438 vel

0 511 1 533 ξ
106 471 453 517 5extremum
495 492 563 498 -
606 465 756 529 quod
798 464 989 516 Graeci
1034 458 1188 522 τέλος
1235 465 1522 516 nominant
1563 489 1648 523 —-,
1697 461 1845 527 quod

0 543 1 596 l
152 543 331 604 ipsum
360 540 565 591 nullam
599 540 669 591 ad
704 540 867 590 aliam
894 554 1020 598 rem,
1054 539 1124 590 ad
1152 539 1205 589 id
1232 544 1414 590 autem
1443 553 1525 589 res
1553 538 1848 589 referuntur

0 600 1 666 l
151 630 359 675 omneS,
400 615 680 666 fatendum
731 621 811 666 est
859 629 1134 665 summum
1182 629 1304 665 esse
1352 614 1559 664 bonum
1610 612 1847 663 iucunde

0 697 1 703 ’
149 692 349 741 vivere.

225 765 282 814 Id
317 766 410 828 qui
451 766 506 814 in
546 778 657 815 una
687 765 882 815 virtute
924 769 1136 827 ponunt
1181 769 1233 814 et
1273 762 1566 826 splendore
1608 762 1847 812 nominis
1874 762 1937 812 13

85 852 126 886 ιο
152 841 293 902 capti
321 839 450 902 quid
478 844 670 889 natura
696 838 934 902 postulet
959 853 1071 889 non
1106 838 1443 902 intellegunt,
1478 851 1654 888 errore
1680 837 1848 886 maxi-

151 929 258 973 m0‚
298 915 344 964 si
376 913 666 976 Epicurum
708 913 895 964 audire
935 913 1220 973 voluerint,
1261 913 1647 963 liberabuntur.
1712 912 1849 962 istae

153 989 298 1039 enim
331 993 546 1039 vestrae
581 989 814 1039 eximiae
847 988 1219 1051 pulchraeque
1251 989 1477 1038 virtutes
1518 987 1622 1037 nisi
1654 986 1849 1049 volup-

151 1068 316 1114 tatem
352 1063 640 1122 efficerent,
675 1064 797 1126 quis
832 1077 925 1113 eas
955 1067 1047 1113 aut
1073 1062 1365 1113 laudabilis
1392 1067 1485 1112 aut
1511 1061 1848 1124 expetendas

150 1137 526 1188 arbitraretur?
583 1143 640 1188 ut
674 1138 819 1188 enirn
854 1137 1192 1188 medicorum
1226 1138 1510 1188 scientiam
1536 1150 1650 1187 non
1676 1136 1848 1198 ipsius

85 1225 127 1259 15
146 1213 292 1271 artiS,
327 1212 425 1263 sed
459 1213 640 1263 bonae
672 1212 1004 1263 valetudinis
1038 1226 1205 1262 causa
1231 1212 1544 1274 probamus,
1578 1216 1630 1261 et
1655 1210 1849 1274 guber-

151 1287 354 1338 natoris
388 1301 487 1346 arS‚
521 1288 652 1350 quia
684 1288 826 1337 bene
858 1286 1158 1350 navigandi
1192 1287 1459 1337 rationem
1493 1286 1673 1344 habet,
1711 1284 1849 1335 utili-

151 1367 275 1421 tate,
308 1376 420 1412 non
453 1367 566 1412 arte
598 1361 863 1420 laudatur,
896 1363 974 1412 sic
1006 1362 1291 1424 sapientia,
1325 1375 1468 1424 quae
1501 1375 1586 1411 ars
1622 1359 1847 1410 vivendi

152 1436 398 1499 putanda
438 1442 532 1495 est,
578 1451 690 1487 non
734 1441 1086 1499 expeteretur,
1135 1437 1181 1486 si
1221 1436 1355 1486 nihil
1401 1435 1659 1494 efficeret;
1703 1449 1849 1485 nunc

153 1512 431 1574 expetitur,
473 1511 624 1574 quod
666 1516 748 1561 est
786 1516 1069 1574 tamquam
1110 1511 1298 1562 artifex
1340 1510 1749 1574 conquirendae
1795 1515 1848 1560 et

82 1597 127 1633 20
153 1585 556 1648 comparandae
603 1585 901 1648 voluptatis
951 1611 1019 1617 —
1065 1600 1231 1649 quam
1280 1590 1463 1636 autem
1514 1599 1618 1649 ego
1669 1584 1847 1634 dicam
1882 1590 1939 1630 43

150 1659 507 1723 voluptatem,
552 1661 660 1710 iam
701 1660 913 1719 videtis
954 1675 1024 1711 ne
1065 1660 1273 1710 invidia
1305 1660 1456 1710 verbi
1498 1659 1850 1710 labefactetur

152 1736 324 1786 oratio
359 1748 485 1785 mea
517 1760 601 1785 ——.
658 1748 785 1784 nam
821 1749 944 1785 curn
979 1736 1322 1798 ignoratione
1363 1749 1538 1785 rerum
1580 1734 1848 1785 bonarum

153 1814 205 1860 et
241 1809 506 1860 malarum
547 1810 785 1859 maxime
826 1810 1112 1860 hominum
1153 1811 1266 1860 vita
1303 1815 1544 1869 vexetur,
1586 1809 1658 1860 ob
1700 1823 1850 1860 eum-

152 1898 260 1947 que
293 1898 526 1935 errorem
569 1889 621 1935 et
652 1884 1029 1946 voluptatibus
1069 1885 1322 1935 maximis
1363 1898 1532 1947 saepe
1573 1885 1850 1947 priventur

82 1970 127 2006 25
153 1963 206 2008 et
238 1958 541 2009 durissimis
567 1959 735 2008 animi
762 1958 1044 2009 doloribus
1070 1964 1437 2022 torqueantur,
1471 1959 1743 2021 sapientia
1769 1964 1849 2008 est

153 2032 484 2092 adhibenda,
511 2047 654 2096 quae
681 2038 733 2084 et
758 2033 1049 2084 terroribus
1075 2033 1577 2097 cupiditatibusque
1597 2033 1849 2084 detractis

153 2112 207 2157 et
240 2108 486 2158 omnium
519 2107 778 2158 falsarum
812 2109 1137 2171 opinionum
1163 2109 1465 2159 temeritate
1491 2107 1717 2171 derepta
1742 2121 1850 2158 cer-

152 2182 419 2233 tissimam
454 2196 513 2232 se
546 2182 708 2233 nobis
742 2182 938 2233 ducem
966 2183 1226 2247 praebeat
1250 2183 1322 2233 ad
1345 2182 1703 2246 voluptatem.
1767 2197 1850 2232 sa-

153 2257 359 2319 pientia
391 2258 537 2307 enim
565 2262 647 2308 est
671 2271 796 2316 una,
829 2271 973 2321 quae
998 2259 1327 2309 maestitiam
1354 2257 1522 2321 pellat
1546 2271 1612 2308 ex
1637 2258 1849 2316 animiS,

80 2343 128 2378 30
152 2345 295 2394 quae
335 2345 438 2382 nos
481 2332 861 2382 exhorrescere
902 2337 1051 2383 metu
1091 2346 1204 2383 non
1239 2334 1394 2384 sinat.
1451 2346 1561 2396 qua
1594 2346 1850 2396 praecep-

224 2494 251 2536 4
270 2495 494 2536 bonorum
513 2508 602 2537 om.
621 2495 659 2538 R
750 2507 978 2536 summum
995 2496 1069 2537 vel
1094 2496 1300 2536 ultimum
1325 2495 1399 2535 vel
1423 2498 1674 2536 extremum
1702 2495 1849 2535 bono-

152 2565 247 2594 rum
264 2554 347 2595 BE
367 2551 482 2604 (non
499 2553 561 2606 A)
625 2555 652 2595 6
678 2567 749 2597 res
767 2555 1018 2597 referuntur
1042 2551 1109 2605 (re
1122 2557 1237 2607 post
1253 2566 1324 2597 res
1341 2555 1402 2595 ab
1417 2556 1502 2595 alt.
1521 2566 1579 2595 m.
1594 2550 1848 2605 superscr.)

149 2613 191 2654 N
223 2624 294 2655 res
327 2614 476 2656 ferunt
507 2609 572 2655 Αι
606 2626 676 2656 res
709 2615 912 2656 feruntur
943 2608 1057 2656 A²R
1089 2615 1291 2656 feruntur
1330 2611 1439 2664 (om.
1475 2611 1565 2664 res)
1599 2613 1640 2654 V
1680 2623 1751 2654 res
1784 2612 1848 2653 fe-

151 2676 301 2714 rentur
332 2673 414 2715 BE
525 2674 578 2715 12
611 2674 873 2725 voluptates
912 2674 996 2716 BE
1104 2674 1160 2715 25
1202 2674 1457 2716 durissimis
1498 2674 1599 2714 cod.
1641 2673 1848 2720 LeidenS.

149 2762 392 2813 Madviyii,
425 2764 680 2813 purissimis
706 2763 937 2806 ABERV
971 2765 1253 2814 pravissimis
1284 2737 1401 2845 (praxi
1435 2765 1481 2805 in
1510 2759 1626 2814 ras.)
1652 2763 1692 2803 N
1770 2763 1848 2803 ad·-

151 2866 353 2908 hibenda
385 2871 454 2909 est
487 2868 568 2909 BE
691 2868 747 2909 26
780 2871 825 2910 et
857 2869 1084 2910 erroribus
1117 2868 1198 2909 BE
1321 2867 1378 2909 30
1412 2866 1535 2910 metii
1569 2867 1610 2908 Α

1532 2956 1582 2996 2*
