2046 3138
19 152 56 204 ὃ
85 153 258 195 49-55
332 147 340 157 ”
543 147 628 193 DE
661 145 914 193 FINIBUS
948 144 1098 192 BON.
1132 144 1210 191 ET
1244 142 1396 191 MAL.
1746 150 1814 199 57

117 305 186 341 an
229 290 378 353 quod
425 290 498 339 ita
539 287 736 338 callida
778 292 872 347 est,
914 292 972 337 ut
1016 288 1223 350 optime
1264 286 1438 349 possit
1481 285 1816 336 architectari

116 365 467 428 voluptates?
524 362 629 414 Cur
669 363 872 413 iustitia
913 362 1201 414 laudatur?
1256 366 1349 412 aut
1393 361 1541 412 unde
1587 365 1669 412 est
1712 360 1818 411 hoc

119 441 406 491 contritum
439 442 711 490 vetustate
746 437 1116 500 proverbium:
1160 431 1400 500 ‘quicum
1436 437 1489 486 in
1523 429 1819 487 tenebris'?

118 515 223 565 hoc
257 515 460 564 dictum
507 514 560 563 in
602 527 712 562 una
752 526 808 563 re
849 512 1112 562 latissime
1154 516 1316 575 patet,
1361 516 1419 561 ut
1464 513 1517 561 in
1561 510 1818 562 omnibus

71 601 94 635 5
118 589 270 639 factis
297 603 367 647 re,
401 602 514 639 non
540 592 677 638 teste
703 601 1039 638 moveamur.
1073 591 1199 637 sunt
1225 587 1370 637 enim
1398 586 1541 636 levia
1567 591 1619 637 et
1645 586 1819 649 perin-
1853 587 1909 628 53

118 664 285 722 firma,
313 677 456 727 quae
483 661 802 712 dicebantur
827 676 860 711 a
886 666 952 720 te,
979 662 1147 711 animi
1175 662 1511 712 conscientia
1537 661 1818 723 improbos

120 738 427 796 excruciari,
469 742 583 787 tum
619 737 782 787 etiam
818 750 1034 798 poenae
1067 737 1276 795 timore,
1311 750 1421 799 qua
1453 741 1548 786 aut
1580 735 1820 786 affician-

118 819 200 863 tur
242 818 335 863 aut
375 826 591 875 semper
633 813 740 862 sint
779 812 834 861 in
876 815 1026 861 metu
1059 825 1129 861 ne
1163 811 1469 861 afficiantur
1501 809 1818 874 aliquando.

118 902 230 939 non
258 892 472 950 oportet
504 886 755 936 timidum
789 891 883 936 aut
915 885 1171 937 inbecillo
1198 887 1384 936 animo
1419 885 1552 949 fingi
1586 900 1698 936 non
1724 885 1820 935 bo-

4 956 5 960 ’
54 973 96 1008 10
121 977 252 1012 num
288 962 439 1012 illum
471 962 663 1020 virum,
698 961 806 1024 qui,
841 961 1102 1024 quicquid
1136 961 1334 1019 fecerit,
1375 961 1494 1023 ipse
1527 975 1587 1011 se
1622 961 1822 1011 cruciet

117 1038 416 1100 omniaque
456 1036 724 1094 formidet,
769 1036 867 1086 sed
913 1037 1101 1086 omnia
1145 1036 1341 1086 callide
1386 1036 1706 1086 referentem
1749 1035 1819 1085 ad

117 1112 418 1170 utilitatem,
451 1116 688 1170 acutum,
720 1115 1017 1170 versutum,
1050 1115 1428 1170 veteratorem,
1463 1111 1621 1161 facile
1647 1115 1705 1161 ut
1731 1125 1821 1161 ex-

117 1187 320 1251 cogitet
353 1200 464 1249 quo
498 1186 667 1237 modo
703 1185 930 1244 occulte,
964 1187 1082 1236 sine
1116 1191 1268 1245 teste,
1302 1187 1421 1236 sine
1454 1185 1566 1237 ullo
1597 1186 1819 1236 conscio

116 1261 280 1313 fallat.
344 1275 414 1311 an
448 1266 505 1311 tu
539 1275 628 1311 me
662 1261 731 1311 de
765 1261 818 1311 L.
845 1260 1062 1312 Tubulo
1099 1266 1257 1323 putas
1293 1260 1510 1312 dicere?
1567 1261 1660 1324 qui
1694 1275 1818 1310 cum
1853 1262 1910 1304 54

0 1367 1 1386 1
50 1347 93 1382 15
120 1341 334 1399 praetor
359 1337 741 1399 quaestionem
768 1336 904 1386 inter
930 1337 1153 1387 sicarios
1173 1337 1517 1395 exercuisset,
1544 1337 1617 1386 ita
1635 1339 1820 1398 aperte

0 1408 1 1415 ’
118 1412 263 1474 cepit
304 1412 565 1474 pecunias
600 1411 672 1462 ob
714 1425 826 1461 rem
869 1411 1236 1470 iudicandam,
1278 1416 1336 1461 ut
1377 1425 1523 1462 anno
1568 1412 1819 1474 proximo

119 1486 172 1538 P.
199 1486 469 1537 Scaevola
502 1486 749 1536 tribunus
784 1485 960 1548 plebis
994 1486 1151 1537 ferret
1184 1487 1254 1536 ad
1289 1486 1509 1548 plebem
1542 1486 1821 1536 vellentne

117 1561 186 1612 de
206 1575 271 1612 ea
293 1575 349 1611 re
377 1562 579 1624 quaeri.
614 1575 724 1623 quo
753 1561 1039 1623 plebiscito
1067 1561 1285 1612 decreta
1307 1575 1339 1610 a
1365 1566 1559 1611 senatu
1587 1565 1669 1612 est
1695 1575 1822 1612 con-

117 1636 221 1686 suli
244 1637 495 1699 quaestio
520 1634 613 1686 Cn.
631 1634 911 1698 Caepioni.
954 1636 1227 1698 profectus
1251 1637 1304 1685 in
1329 1636 1551 1687 exilium
1572 1635 1820 1686 Tubulus

49 1721 94 1756 20
118 1712 300 1762 statim
333 1725 435 1761 nec
468 1711 802 1773 respondere
835 1724 1027 1769 ausus;
1063 1715 1174 1761 erat
1208 1711 1354 1761 enim
1388 1725 1472 1762 res
1506 1716 1708 1774 aperta.

191 1786 316 1836 Non
362 1786 523 1849 igitur
567 1785 636 1836 de
681 1786 949 1848 improbo,
995 1786 1093 1836 sed
1137 1781 1281 1849 <de>
1327 1786 1525 1837 callido
1568 1786 1820 1849 improbo

117 1855 464 1923 quaerimus
488 1860 666 1923 qualis
701 1858 764 1915 Q.
791 1860 1087 1923 Pompeius
1130 1861 1183 1910 in
1225 1861 1447 1912 foedere
1480 1861 1819 1912 Numantino
1846 1859 1910 1907 17

117 1935 402 1986 infitiando
448 1934 561 1994 fuit,
606 1949 708 1985 nec
747 1949 879 1986 vero
923 1937 1111 1986 omnia
1155 1937 1396 1995 timente,
1443 1936 1541 1987 sed
1585 1937 1819 1999 primum

117 2011 210 2074 qui
244 2011 412 2060 animi
454 2011 846 2060 conscientiam
881 2024 993 2061 non
1028 2015 1190 2069 curet,
1233 2025 1399 2074 quam
1435 2011 1640 2062 scilicet
1674 2025 1821 2062 com-

51 2094 95 2129 25
120 2086 350 2147 primere
382 2084 515 2134 nihil
552 2090 633 2135 est
664 2086 887 2148 negotii.
945 2086 988 2134 is
1024 2087 1185 2144 enim,
1220 2087 1313 2148 qui
1348 2086 1594 2136 occultus
1630 2091 1682 2136 et
1714 2091 1821 2136 tec-

116 2165 202 2210 tus
237 2159 443 2218 dicitur,
485 2164 695 2209 tantum
737 2160 893 2210 abest
926 2165 984 2209 ut
1024 2174 1084 2210 se
1118 2160 1333 2218 indicet,
1380 2160 1622 2223 perficiet
1656 2161 1819 2211 etiam

116 2238 174 2284 ut
199 2234 384 2285 dolere
410 2234 630 2284 alterius
657 2234 905 2296 improbe
931 2234 1072 2285 facto
1091 2235 1356 2285 videatur.
1406 2235 1538 2298 quid
1566 2240 1648 2286 est
1674 2236 1819 2286 enim

115 2308 265 2359 aliud
312 2323 434 2360 esse
478 2310 798 2359 versutum?
860 2310 1084 2359 memini
1130 2323 1219 2359 me
1260 2310 1459 2360 adesse
1503 2310 1556 2361 P.
1593 2309 1819 2362 Sextilio

116 2382 270 2443 Rufo,
306 2398 430 2434 cum
465 2384 508 2433 is
542 2397 656 2434 rem
690 2383 760 2433 ad
795 2384 1003 2434 amicos
1038 2384 1111 2434 ita
1145 2384 1389 2443 deferret,
1424 2399 1484 2436 se
1511 2399 1634 2436 esse
1668 2385 1820 2436 here-
1854 2387 1909 2427 55

47 2468 93 2503 30
119 2458 245 2509 dem
281 2456 343 2513 Q.
363 2458 533 2509 Fadio
562 2457 737 2517 Gallo,
773 2459 926 2508 cuius
954 2459 1007 2508 in
1034 2463 1362 2510 testamento
1390 2460 1649 2523 scriptum
1679 2466 1823 2511 esset

120 2547 180 2583 se
213 2533 283 2583 ab
319 2547 385 2584 eo
419 2538 671 2597 rogatum
705 2538 764 2583 ut
797 2534 976 2584 omnis
1011 2533 1284 2584 hereditas
1326 2534 1397 2584 ad
1431 2535 1599 2585 filiam
1635 2550 1823 2598 perve-

118 2608 269 2659 niret.
333 2608 387 2658 id
422 2607 678 2658 Sextilius
720 2607 921 2658 factum
962 2609 1216 2673 negabat.
1274 2614 1486 2672 poterat
1525 2615 1710 2661 autem
1746 2612 1823 2660 in-

196 2754 215 2795 1
238 2766 298 2795 an
316 2756 443 2806 quod
461 2755 683 2797 classidas
698 2759 747 2797 ut
762 2787 771 2797 .
784 2787 793 2797 .
807 2787 816 2797 .
831 2754 1110 2807 voluptates]
1128 2757 1248 2799 Non.
1264 2770 1311 2809 p.
1326 2762 1374 2799 70
1438 2758 1462 2798 7
1481 2751 1824 2806 autA²Rv,N²

118 2811 187 2864 (in
214 2811 359 2865 ras.);
390 2818 439 2856 ut
463 2809 620 2856 A¹BE
715 2815 768 2856 19
795 2817 1011 2866 caepioni
1029 2815 1071 2858 A
1097 2818 1283 2867 cepioni
1300 2817 1338 2858 R
1365 2818 1551 2876 cepioni
1569 2817 1611 2859 V
1635 2819 1823 2870 cypioni

115 2873 157 2914 N
181 2875 380 2924 scipioni
405 2874 487 2916 BE
595 2874 647 2915 21
678 2877 789 2917 add.
816 2876 929 2918 dett.
1047 2876 1103 2918 23
1129 2877 1319 2918 timente
1340 2878 1498 2919 Lamb.
1524 2878 1762 2919 timentem

117 2932 172 2973 27
203 2934 414 2984 improbo
441 2933 482 2975 A
598 2934 655 2975 29
691 2932 827 2984 Rufo]
855 2935 957 2977 fuso
975 2935 1166 2978 ARNV
1303 2937 1361 2978 30
1386 2937 1530 2978 Fadio
1557 2939 1661 2979 edd.
1695 2937 1821 2980 fabio

189 2992 246 3034 32
271 2992 438 3035 factum
474 2994 690 3036 Sextilius
723 2994 807 3036 BE
