2046 3138
105 1082 166 1129 17

99 1152 154 1192 46

103 2393 158 2433 47

185 166 287 217 140
433 167 435 170 ’
608 158 694 203 DE
727 157 980 203 FINIBUS
1014 156 1175 210 BON„
1197 156 1276 202 ET
1309 156 1461 202 MAL.
1553 159 1963 202 Lib.1Vc.16—18

177 297 451 354 omnibus
475 296 568 358 qui
590 295 645 345 in
665 309 777 345 una
794 295 1000 346 virtute
1021 294 1364 345 constituunt
1385 293 1556 344 finem
1582 293 1870 350 bonorum,

183 371 443 434 quodque
471 370 667 428 dicitis,
694 369 983 420 informari
1015 383 1126 420 non
1152 382 1320 431 posse
1349 369 1624 425 virtutem,
1652 367 1697 418 si
1729 367 1877 429 quic-

183 460 363 508 quam,
387 445 494 495 nisi
519 444 669 507 quod
700 444 996 495 honestum
1021 443 1105 501 sit,
1133 447 1465 499 numeretur,
1490 441 1637 492 idem
1667 441 1877 492 dicetur

182 520 252 570 ab
297 519 422 578 illis,
469 519 638 569 modo
692 532 833 581 quos
878 517 1178 569 nominavi.
1228 517 1362 567 mihi
1408 521 1594 567 autem
1644 516 1876 578 aequius

182 594 477 645 videbatur
521 593 801 644 Zenonem
852 606 974 642 cum
1029 591 1328 642 Polemone
1377 590 1794 652 disceptantem,
1845 603 1878 639 a
1921 605 1943 640 5

185 682 294 731 quo
333 681 473 730 quae
511 672 698 718 essent
740 667 1012 729 principia
1047 672 1278 717 naturae
1319 670 1620 728 acceperat,
1657 678 1691 714 a
1731 677 1877 715 com-

183 743 444 793 munibus
478 742 648 792 initiis
684 741 1132 804 progredientem
1171 739 1362 790 videre
1395 739 1490 790 ubi
1528 732 1766 802 primum
1801 738 1879 787 in-

186 818 403 867 sisteret
442 822 496 867 et
536 815 684 867 unde
732 829 901 866 causa
942 815 1352 872 controversiae
1396 818 1727 870 nasceretur,
1766 826 1877 862 non

186 897 421 942 stantem
459 905 582 941 cum
619 891 702 948 iis,
745 890 837 952 qui
873 903 942 940 ne
982 889 1227 940 dicerent
1262 888 1485 951 quidem
1527 899 1879 938 sua‘summa

182 966 330 1016 bona
370 979 494 1016 esse
534 979 568 1015 a
608 970 808 1016 natura
851 963 1118 1026 profecta,
1172 963 1253 1013 uti
1295 962 1472 1013 isdem
1519 961 1876 1025 argumentiS,
1905 976 1948 1011 10

187 1040 387 1103 quibus
426 1039 506 1090 illi
546 1044 844 1097 uterentur,
890 1038 1179 1100 isdemque
1221 1037 1523 1088 sententiis.

260 1114 486 1165 Minime
524 1127 658 1165 vero
699 1112 838 1164 illud
885 1112 1077 1176 prob0‚
1118 1111 1284 1174 quod,
1329 1125 1452 1162 cum
1493 1110 1776 1168 docuistiS,
1820 1115 1881 1160 ut

183 1189 345 1239 vobis
371 1188 653 1246 videmini,
679 1187 889 1237 bonum
917 1187 1099 1237 solum
1125 1200 1262 1244 esse,
1290 1185 1439 1248 quod
1466 1185 1761 1236 honestum
1795 1185 1879 1242 sit,

188 1269 303 1314 tum
344 1277 562 1313 rursum
606 1262 787 1312 dicitis
835 1262 992 1312 initia
1033 1261 1270 1324 proponi
1314 1273 1541 1311 necesse
1580 1272 1703 1310 esse
1748 1264 1881 1321 apta

186 1343 241 1388 et
281 1337 704 1388 accommodata
746 1342 992 1394 naturae,
1036 1349 1278 1397 ¹quorum
1321 1348 1389 1385 ex
1436 1333 1732 1385 selectione
1772 1333 1881 1383 vir·
1905 1348 1948 1384 15

187 1417 277 1463 tus
330 1412 509 1475 possit
562 1412 812 1462 existere.
872 1424 984 1461 non
1038 1410 1184 1461 enim
1242 1409 1298 1459 in
1351 1408 1647 1460 selectione
1704 1408 1880 1458 virtus

188 1486 449 1549 ponenda
485 1491 616 1544 erat,
655 1490 717 1536 ut
760 1484 817 1534 id
856 1485 1056 1547 ipsum,
1099 1483 1250 1546 quod
1287 1489 1405 1534 erat
1446 1483 1718 1541 bonorum
1755 1481 1881 1532 ulti-

188 1576 354 1621 mum,
407 1561 560 1612 aliud
616 1560 828 1623 aliquid
889 1560 1220 1622 adquireret.
1287 1574 1416 1609 nam
1474 1559 1676 1617 omnia,
1741 1572 1882 1620 quae

189 1636 460 1687 sumenda
503 1649 755 1698 quaeque
797 1634 1036 1698 legenda
1084 1639 1180 1684 aut
1222 1633 1471 1697 optanda
1517 1638 1658 1691 sunt,
1700 1633 1882 1688 inesse

190 1711 391 1761 debent
433 1711 487 1760 in
532 1723 750 1761 summa
797 1709 1086 1767 bonorum,
1128 1713 1190 1758 ut
1234 1709 1296 1767 is,
1340 1708 1432 1770 qui
1479 1721 1602 1759 eam
1643 1706 1950 1769 adeptuszo

191 1786 274 1843 sit,
299 1784 433 1834 nihil
461 1789 746 1847 praeterea
771 1783 1063 1835 desideret.
1087 1782 1318 1833 videsne
1343 1788 1417 1840 ut,
1443 1782 1643 1844 quibus
1663 1795 1880 1832 summa

191 1865 275 1911 est
303 1860 358 1909 in
387 1859 693 1922 voluptate,
724 1859 1078 1922 perspicuum
1109 1858 1179 1908 sit
1209 1857 1342 1920 quid
1373 1857 1440 1907 iis
1463 1855 1779 1907 faciendum
1811 1855 1881 1906 sit

189 1940 285 1990 aut
322 1948 434 1985 non
474 1933 833 1984 iaciendum?
887 1938 948 1983 ut
986 1946 1149 1983 nemo
1194 1931 1421 1989 dubitet,
1459 1944 1651 1982 eorum
1696 1930 1882 1980 omnia

189 2007 383 2060 officia
412 2021 521 2071 quo
552 2012 816 2070 spectare,
853 2006 985 2069 quid
1015 2006 1186 2068 sequi,
1219 2005 1352 2068 quid
1380 2004 1574 2068 fugere
1609 2004 1884 2056 debeant?

191 2083 260 2133 sit
285 2083 391 2133 hoc
414 2082 670 2133 ultimum
702 2081 990 2139 bonorum,
1017 2079 1167 2143 quod
1196 2093 1344 2130 nunc
1367 2093 1400 2130 a
1429 2092 1517 2129 me
1543 2078 1883 2135 defenditur;
1904 2094 1949 2129 25

189 2162 423 2220 apparet
453 2157 655 2214 statim,
687 2169 828 2218 quae
865 2156 975 2206 sint
1003 2154 1211 2212 officia,
1246 2167 1388 2216 quae
1416 2154 1677 2204 actiones.
1722 2153 1883 2203 vobis

193 2236 393 2288 autem,
430 2230 630 2293 quibus
667 2229 803 2280 nihil
839 2234 924 2280 est
958 2228 1111 2279 aliud
1150 2229 1499 2291 propositum
1534 2227 1641 2278 nisi
1673 2232 1879 2277 rectum

191 2311 357 2368 atque
385 2305 697 2363 honestum,
729 2303 877 2355 unde
913 2303 1106 2362 officii,
1136 2302 1285 2353 unde
1319 2302 1522 2365 agendi
1553 2302 1884 2364 principium

190 2385 450 2431 nascatur
479 2393 591 2430 non
621 2379 922 2441 reperietis.
970 2377 1090 2428 Hoc
1118 2378 1286 2440 igitur
1320 2381 1645 2439 quaerentes
1675 2389 1883 2433 omnes,

191 2459 245 2505 et
286 2454 338 2511 ii,
383 2454 475 2516 qui
525 2452 914 2516 quodcumque
956 2452 1011 2502 in
1057 2456 1296 2502 mentem
1338 2451 1525 2502 veniat
1570 2455 1666 2501 aut
1707 2449 1950 2512 quod-:30

193 2540 427 2590 cumque
463 2532 714 2578 occurrat
752 2540 811 2577 se
855 2526 1011 2590 sequi
1049 2525 1245 2588 dicent,
1286 2530 1340 2576 et
1373 2538 1478 2575 vos
1519 2523 1591 2574 ad
1627 2529 1881 2584 naturam

266 2700 293 2741 4
327 2701 466 2741 modo
507 2711 625 2750 quos
657 2698 888 2740 BERNV
1038 2698 1066 2738 6
1098 2700 1340 2747 acceperat
1370 2697 1412 2738 V
1451 2697 1691 2738 accederat
1720 2695 1759 2736 R
1806 2705 1880 2734 ac-

193 2761 375 2801 cederet
406 2759 490 2800 BE
521 2759 798 2800 concederat
829 2758 870 2798 N
988 2757 1042 2798 10
1075 2769 1102 2798 a
1125 2751 1240 2798 N²v
1271 2768 1360 2798 om.
1393 2749 1597 2797 ΒΕΚΝ1
1713 2754 1765 2795 13
1799 2754 1881 2794 bo-

193 2831 302 2860 num
335 2819 484 2861 solum
516 2818 696 2860 BERV
727 2818 876 2859 solum
910 2818 1083 2858 bonum
1115 2817 1157 2858 N
1290 2816 1344 2856 14
1377 2825 1527 2856 rursus
1558 2814 1646 2856 RV
1778 2823 1883 2854 esse

194 2882 302 2928 apta
333 2878 424 2920 NV
472 2881 542 2933 est
581 2881 683 2918 acta
721 2877 850 2919 BER
1004 2876 1058 2917 15
1098 2887 1156 2918 ex
1197 2875 1450 2917 selectione
1480 2873 1583 2915 Αἶά.
1617 2885 1783 2924 nepos,
1826 2883 1883 2912 ex

195 2938 423 2978 electione
455 2938 543 2979 RN
583 2937 872 2978 exelectione
903 2935 1036 2977 BEV
1190 2934 1244 2976 18
1284 2934 1474 2984 aliquod
1505 2932 1588 2974 BE
1738 2932 1794 2973 22
1827 2932 1883 2972 iis

196 2997 300 3040 edd.
334 2997 406 3036 his
527 2996 584 3036 29
618 2999 892 3046 quaerentes
925 2991 1157 3045 (queretes
1188 2995 1290 3036 cod.
1323 2989 1465 3045 Spir.)
1500 2991 1580 3036 (ἴε.
1614 2992 1801 3042 queritis
