2046 3138
106 633 162 672 50

109 1601 161 1640 51

197 117 299 170 142
436 165 438 168 ¹
619 110 705 157 DE
737 110 990 158 FINIBUS
1023 110 1173 158 BON.
1207 111 1286 157 ET
1319 111 1471 158 MAL.
1563 117 1732 159 Lib.1V
1749 117 1975 159 mie—19

194 247 392 307 dicant,
434 248 739 299 laudabilia
779 262 892 299 non
940 249 1140 300 dicant.
1191 255 1245 301 et
1288 250 1344 300 hi
1386 250 1610 313 quidem
1655 253 1732 302 ita
1770 265 1882 302 non

194 321 315 387 sola
343 323 545 373 virtute
577 321 747 373 finem
783 322 1056 374 bonorum
1087 324 1353 374 contineri
1387 330 1598 386 putant,
1627 330 1688 375 ut
1722 325 1884 376 rebus

194 402 376 447 tamen
410 397 668 447 omnibus
699 397 960 448 virtutem
998 403 1364 460 anteponant;
1397 398 1529 461 quid
1567 412 1757 450 censes
1787 413 1885 450 eos

194 484 316 520 esse
357 470 620 529 facturos,
664 471 757 534 qui
806 472 1031 522 omnino
1072 472 1333 523 virtutem
1378 487 1412 522 a
1451 472 1724 523 bonorum
1771 473 1884 524 fine

195 550 643 607 segregaverunt,
674 545 985 608 Epicurum,
1017 545 1431 610 Hieronymum,
1468 546 1594 597 illos
1624 548 1806 606 etiam,
1841 548 1885 598 si
1932 565 1955 599 5

196 620 285 681 qui
317 618 697 670 Carneadeum
725 619 896 670 finem
930 620 1069 671 tueri
1094 619 1329 672 volunt?
1370 621 1480 671 iam
1506 627 1603 672 aut
1634 620 1887 684 Callipho

194 698 289 744 aut
318 692 600 744 Diodorus
629 707 738 756 quo
773 693 942 745 modo
971 700 1231 757 poterunt
1261 695 1360 746 tibi
1388 695 1537 746 istud
1572 695 1886 754 concedere,

197 768 288 830 qui
327 767 398 817 ad
438 767 786 818 honestatem
831 767 985 818 aliud
1023 768 1348 832 adiungant,
1391 769 1540 832 quod
1579 784 1646 820 ex
1688 770 1884 820 eodem

195 855 396 904 genere
450 855 562 892 non
621 843 728 893 sit?
786 841 967 905 placet
1022 844 1190 905 igitur
1249 843 1362 901 tibi,
1405 843 1556 902 Cat0‚
1618 858 1741 894 cum
1799 858 1884 895 res

196 916 500 978 sumpseris
528 930 640 966 non
671 930 979 975 concessaS,
1015 931 1083 967 ex
1112 917 1221 968 illis
1254 917 1495 976 efficere,
1525 918 1675 980 quod
1709 918 1888 968 velis?
1912 936 1954 971 10

198 993 310 1042 Iam
342 990 434 1041 ille
467 993 665 1042 sorites
699 987 867 1056 (est),
900 1005 1010 1053 quo
1044 991 1180 1043 nihil
1211 993 1420 1054 putatis
1454 1005 1578 1043 esse
1607 993 1888 1043 vitiosius:

196 1065 342 1127 quod
386 1064 594 1120 bonum
637 1067 721 1124 sit,
767 1065 825 1115 id
865 1079 989 1116 esse
1032 1065 1293 1128 optabile,
1333 1066 1483 1129 quod
1529 1066 1790 1129 optabile,
1828 1066 1883 1116 id

197 1139 584 1201 expetendum,
626 1139 775 1203 quod
816 1140 1204 1203 expetendum,
1251 1140 1308 1190 id
1348 1140 1644 1199 laudabile,
1690 1141 1890 1192 deinde

198 1213 392 1275 reliqui
429 1213 653 1276 gradus.
704 1214 801 1264 sed
844 1227 950 1277 ego
986 1215 1042 1264 in
1081 1214 1188 1266 hoc
1221 1215 1444 1272 resisto;
1485 1215 1682 1266 eodem
1717 1215 1887 1266 modo

196 1288 341 1337 enim
380 1288 478 1338 tibi
518 1302 681 1339 nemo
728 1288 896 1347 dabit,
937 1288 1087 1352 quod
1130 1289 1501 1352 expetendum
1542 1290 1626 1348 sit,
1670 1289 1726 1339 id
1764 1303 1887 1340 esse
1912 1308 1954 1342 15

202 1361 496 1412 laudabile.
564 1361 705 1412 Illud
761 1376 894 1413 vero
951 1363 1176 1413 minime
1233 1364 1648 1421 consectarium,
1693 1363 1791 1414 sed
1832 1364 1885 1413 in

196 1436 388 1498 primis
429 1436 614 1495 hebeS,
656 1436 877 1487 illorum
926 1437 1146 1496 scilicet,
1187 1451 1299 1488 non
1344 1443 1516 1496 tuum,
1556 1438 1887 1500 gloriatione

198 1510 424 1573 dignam
475 1524 600 1562 esse
652 1511 871 1562 beatam
927 1513 1115 1570 vitam,
1169 1512 1319 1574 quod
1374 1526 1486 1562 non
1538 1513 1717 1575 possit
1771 1513 1888 1562 sine

197 1584 487 1635 honestate
513 1586 846 1648 contingere,
869 1591 930 1637 ut
959 1586 1076 1639 iure
1100 1587 1392 1649 quisquam
1421 1586 1702 1650 glorietur.
1738 1586 1892 1637 dabit

197 1658 303 1709 hoc
337 1659 547 1709 Zenoni
588 1659 830 1717 Polemo,
875 1661 1041 1710 etiam
1080 1661 1346 1723 magister
1387 1661 1507 1711 eius
1544 1666 1598 1711 et
1641 1666 1758 1711 tota
1794 1660 1957 1714 illazo

196 1746 333 1796 gens
379 1739 433 1783 et
479 1733 690 1796 reliqui,
745 1734 837 1796 qui
882 1734 1143 1785 virtutem
1194 1735 1452 1785 omnibus
1497 1735 1661 1785 rebus
1712 1734 1887 1785 multo

197 1812 597 1870 anteponentes
639 1807 952 1871 adiungunt
993 1809 1043 1859 ei
1090 1814 1275 1860 tamen
1316 1808 1528 1870 aliquid
1574 1822 1791 1859 summo
1833 1809 1887 1858 in

197 1881 345 1931 bono
386 1881 651 1932 finiendo.
705 1882 751 1932 si
797 1883 943 1932 enim
982 1883 1160 1933 virtus
1205 1882 1375 1945 digna
1413 1888 1497 1933 est
1540 1882 1886 1946 gloriatione,

200 1961 258 2006 ut
293 1960 390 2013 est,
428 1961 752 2018 tantumque
795 1961 1040 2018 praestat
1075 1956 1301 2019 reliquis
1340 1956 1519 2015 rebuS,
1554 1962 1615 2007 ut
1655 1957 1761 2006 dici
1795 1958 1889 2008 vix

200 2030 391 2092 possit,
436 2035 490 2080 et
534 2030 731 2080 beatus
781 2043 904 2080 esse
949 2031 1152 2093 poterit
1198 2031 1401 2082 virtute
1445 2044 1556 2081 una
1605 2031 1957 2093 praeditusffi

200 2117 391 2154 carens
420 2105 628 2162 ceteriS‚
656 2117 757 2154 nec
789 2109 974 2154 tamen
1002 2104 1139 2154 illud
1172 2105 1270 2155 tibi
1299 2105 1644 2163 concedetur,
1676 2111 1892 2168 praeter

198 2178 458 2228 virtutem
500 2177 635 2227 nihil
679 2178 734 2227 in
781 2178 943 2228 bonis
1000 2192 1123 2229 esse
1170 2178 1499 2229 ducendum.
1552 2179 1632 2229 illi
1688 2185 1888 2237 autem,

201 2252 400 2314 quibus
437 2266 713 2302 summum
750 2252 958 2302 bonum
1000 2253 1118 2303 sine
1152 2253 1356 2304 virtute
1394 2259 1492 2311 est,
1527 2267 1638 2304 non
1679 2253 1890 2304 dabunt

199 2325 439 2377 fortasse
469 2327 642 2377 vitam
673 2326 893 2376 beatam
930 2326 1148 2385 habere,
1179 2327 1233 2376 in
1270 2340 1380 2389 quo
1411 2328 1528 2378 iure
1563 2327 1741 2390 possit
1770 2327 1889 2390 glo-

200 2400 342 2457 riari,
380 2400 483 2450 etsi
523 2399 602 2449 illi
648 2399 870 2462 quidem
909 2401 1075 2451 etiam
1116 2400 1435 2463 voluptates
1474 2400 1684 2453 faciunt
1725 2402 1956 2459 inter-30

271 2526 298 2567 8
331 2528 588 2577 adiungunt
619 2527 700 2568 BE
795 2527 843 2568 11
881 2530 992 2569 add.
1025 2528 1206 2579 Kayser
1237 2530 1370 2579 apud
1399 2522 1526 2569 Βαί.2
1627 2529 1681 2570 13
1714 2529 1761 2568 id
1792 2528 1887 2568 lau-

198 2587 352 2627 dabile
472 2588 782 2636 expetendum
823 2588 880 2628 sit
913 2588 960 2627 id
999 2585 1060 2637 (υ.
1089 2585 1158 2637 15)
1191 2599 1280 2629 om.
1313 2588 1351 2630 R
1504 2588 1674 2628 deinde
1705 2587 1746 2627 N
1779 2585 1887 2630 deis)

198 2642 273 2695 (=
293 2644 481 2696 deinde)
513 2646 554 2687 V
587 2647 695 2687 dein
726 2646 808 2687 BE
941 2647 995 2686 14
1027 2648 1168 2687 modo
1201 2648 1322 2687 enim
1355 2646 1495 2688 BNV
1527 2648 1648 2687 enim
1683 2647 1822 2687 modo
1853 2648 1888 2690 E

279 2705 331 2745 17
365 2706 510 2746 hebes
542 2705 625 2747 RB
659 2706 805 2746 habes
837 2705 974 2746 ENV
1069 2717 1164 2749 non
1197 2710 1323 2746 tuum
1348 2707 1473 2751 Mdv.
1505 2717 1600 2752 non
1631 2709 1726 2746 tum
1758 2705 1887 2748 BER

200 2765 436 2805 nominum
469 2765 510 2804 N
543 2762 625 2814 (ab
658 2767 742 2806 alt.
768 2777 826 2806 m.
854 2767 1066 2807 radendo
1100 2768 1146 2806 et
1178 2767 1456 2816 corriyendo
1489 2761 1740 2816 effectum),
1772 2764 1814 2805 V

201 2821 277 2873 (18
311 2824 436 2874 quod
469 2835 564 2864 non
598 2826 744 2874 possit
777 2840 831 2855 =
865 2835 952 2865 nec
984 2825 1031 2865 id
1064 2835 1204 2874 posse
1236 2826 1293 2875 cf,
1322 2837 1370 2876 p.
1395 2829 1460 2874 99,
1478 2822 1523 2875 5)
1676 2820 1752 2872 (25
1786 2829 1886 2873 pot-

201 2884 303 2929 erit,
343 2895 405 2924 sc.
440 2895 534 2924 non
566 2884 770 2933 Polemo,
810 2885 894 2924 sed
933 2885 1012 2933 qui
1043 2885 1206 2924 virtute
1241 2895 1338 2924 una
1370 2884 1601 2933 praeditus
1634 2887 1724 2930 est,
1765 2888 1888 2926 caret

201 2940 382 2991 ceteris)
504 2942 561 2982 26
593 2943 872 2983 concedetur
902 2941 973 2984 Se.
1006 2944 1231 2983 concedet
1351 2941 1408 2982 29
1442 2943 1588 2992 possit
1619 2943 1715 2983 iure
1745 2942 1828 2984 BE
