2046 3138
14 178 42 230 §
71 179 244 221 72—75
523 173 609 220 DE
642 170 895 219 FINIBUS
928 170 1078 218 BON.
1112 170 1190 217 ET
1223 168 1375 217 MAL.
1697 174 1799 225 153

106 312 268 364 rectis
323 312 682 375 honestisque
739 309 1203 364 contemnendum
1258 322 1324 359 ac
1377 305 1796 371 despiciendum

105 401 207 439 nec
242 400 582 451 magnopere
620 384 1008 449 expetendum,
1046 384 1384 446 omninoque
1423 381 1492 433 de
1523 381 1645 433 istis
1682 394 1799 432 om-

105 462 269 513 nibus
300 461 485 513 verbis
510 475 543 511 a
565 461 789 512 Zenone
821 459 1049 511 mutatis
1081 459 1158 510 ita
1191 456 1528 521 disputabat,
1555 460 1624 515 et,
1657 468 1798 519 quae

107 537 255 587 bona
296 541 632 600 negarentur
674 534 745 586 ab
787 548 854 586 eo
898 547 1021 585 esse
1058 538 1113 585 et
1156 546 1298 596 quae
1340 531 1503 590 mala,
1543 530 1639 582 illa
1683 529 1798 581 lae-

62 627 86 661 5
108 611 341 662 tioribus
369 610 687 662 nominibus
717 608 988 672 appellari
1017 607 1087 659 ab
1117 621 1183 659 eo
1208 621 1373 671 quam
1402 620 1436 657 a
1461 605 1639 663 nobis,
1664 604 1802 656 haec

107 685 458 737 tristioribus.
516 684 644 735 Piso
691 684 859 747 igitur
902 683 1009 735 hoc
1051 682 1238 741 modo,
1276 682 1361 733 vir
1405 681 1651 744 optimus
1695 679 1799 731 tui-

109 774 229 823 que,
259 765 320 811 ut
352 760 474 818 sciS,
504 759 936 810 amantissimus,
977 771 1080 809 nos
1106 756 1299 821 paucis
1328 756 1400 807 ad
1430 756 1567 807 haec
1591 754 1800 806 additis

108 835 279 886 finem
309 834 582 885 faciamus
612 832 940 897 aliquando;
969 832 1199 896 longum
1229 836 1314 883 est
1336 830 1482 882 enim
1512 829 1584 880 ad
1612 829 1801 880 omnia

107 908 460 972 respondere,
492 922 633 972 quae
665 922 699 958 a
728 913 780 959 te
813 907 960 959 dicta
986 912 1128 958 sunt.
1819 937 1888 986 27

43 999 86 1034 10
182 983 324 1035 Nam
354 998 422 1035 ex
452 983 664 1035 eisdem
692 983 988 1034 verborum
1021 981 1364 1045 praestrigiis
1389 986 1443 1032 et
1471 993 1643 1044 regna
1670 984 1803 1031 nata
1835 1007 1891 1049 74

107 1059 269 1110 vobis
314 1063 442 1110 sunt
485 1063 539 1109 et
581 1053 814 1121 imperia
856 1062 910 1108 et
948 1057 1190 1115 divitiae,
1233 1061 1288 1107 et
1329 1060 1516 1108 tantae
1557 1054 1798 1118 quidem,

109 1138 170 1184 ut
219 1133 421 1192 omnia,
475 1146 617 1196 quae
667 1132 872 1195 ubique
924 1132 1047 1190 sint,
1094 1131 1362 1194 sapientis
1412 1143 1536 1181 esse
1588 1129 1800 1181 dicatiS.

110 1207 290 1259 solum
350 1212 636 1271 praeterea
693 1205 1019 1264 formosum,
1077 1205 1259 1257 solum
1316 1204 1565 1263 liberum,
1619 1203 1799 1255 solum

107 1283 299 1340 civem,
336 1277 610 1348 (stultos)
645 1281 833 1332 omnia
869 1280 1158 1338 contraria,
1195 1293 1336 1343 quos
1370 1280 1537 1331 etiam
1572 1279 1803 1330 insanos

43 1371 86 1407 15
108 1370 231 1408 esse
273 1357 460 1409 vultiS.
514 1357 652 1408 haec
695 1351 978 1423 παράδοξα
1031 1354 1126 1413 illi,
1178 1368 1282 1406 nos
1340 1352 1802 1405 admirabilia

110 1431 376 1482 dicamus,
420 1431 553 1494 quid
587 1436 772 1483 autem
804 1431 1010 1482 habent
1042 1429 1442 1487 admirationis,
1470 1442 1594 1480 cum
1627 1441 1803 1491 prope

109 1506 448 1558 accesseris?
495 1505 777 1557 conferam
815 1511 1012 1564 tecum,
1049 1519 1215 1568 quam
1253 1505 1450 1567 cuique
1479 1502 1651 1554 verbo
1686 1515 1801 1553 rem

111 1580 376 1638 subicias;
407 1580 562 1630 nulla
594 1581 695 1631 erit
728 1580 1119 1631 controversia.
1162 1578 1364 1630 Omnia
1390 1582 1616 1641 peccata
1647 1577 1803 1640 paria

112 1655 309 1706 dicitis.
357 1669 468 1706 non
507 1668 614 1718 ego
651 1660 832 1706 tecum
870 1654 980 1704 iam
1013 1654 1090 1705 ita
1126 1653 1367 1711 iocabor,
1404 1658 1465 1704 ut
1497 1651 1676 1703 isdem
1715 1651 1802 1702 his

43 1745 88 1781 20
112 1729 180 1780 de
220 1729 401 1788 rebus,
443 1743 566 1779 cum
605 1728 661 1779 L.
677 1728 965 1780 Murenam
1005 1733 1058 1780 te
1092 1733 1387 1779 accusante
1428 1726 1802 1778 defenderem.

111 1803 260 1867 apud
299 1803 587 1867 imperitos
624 1808 741 1855 tum
778 1802 873 1853 illa
910 1802 1058 1854 dicta
1088 1807 1230 1861 sunt,
1266 1801 1478 1865 aliquid
1514 1801 1680 1853 etiam
1715 1814 1804 1852 co-

114 1892 281 1929 ronae
324 1878 542 1935 datum;
600 1891 748 1928 nunc
790 1877 1069 1940 agendum
1113 1882 1198 1928 est
1242 1875 1516 1927 subtilius.
1571 1875 1803 1927 Peccata

114 1953 282 2015 paria.
321 1981 383 1987 —
422 1952 679 2008 Quonam
718 1952 927 2002 modo?
964 1979 1027 1986 -
1067 1950 1210 2007 Quia
1246 1964 1348 2002 nec
1378 1950 1613 2002 honesto
1653 1950 1802 2013 quic·
1836 1951 1894 1991 ⁷5

112 2041 277 2090 quam
302 2027 593 2079 honestius
618 2040 721 2078 nec
744 2027 891 2089 turpi
919 2026 1152 2089 turpius.
1174 2054 1236 2061 —
1261 2025 1436 2090 Perge
1461 2039 1651 2088 porro;
1674 2039 1803 2075 nam

43 2120 89 2155 25
115 2101 182 2152 de
205 2102 314 2152 isto
343 2115 548 2164 magna
571 2101 847 2152 dissensio
868 2106 971 2152 est.
995 2099 1093 2150 illa
1120 2105 1448 2163 argumenta
1477 2100 1703 2163 propria
1724 2099 1805 2150 vi-

113 2175 361 2234 deamuS,
390 2189 484 2226 cur
513 2176 703 2226 omnia
730 2175 838 2226 sint
865 2175 1021 2238 paria
1050 2180 1293 2237 peooata.
1323 2202 1386 2209 —
1415 2173 1503 2233 Ut,
1528 2174 1723 2237 inquit,
1748 2174 1804 2223 in

114 2250 324 2301 fidibus
358 2249 626 2313 pluribus,
663 2249 770 2299 nisi
799 2248 956 2299 nulla
988 2262 1178 2300 earum
1207 2245 1396 2315 (non)
1433 2249 1510 2300 ita
1547 2254 1806 2300 contenta

113 2325 297 2375 nervis
319 2325 403 2382 sit,
424 2329 486 2375 ut
505 2328 832 2374 concentum
854 2335 1075 2383 servare
1096 2323 1290 2387 possit,
1314 2336 1508 2374 omnes
1531 2336 1707 2386 aeque
1724 2324 1807 2373 in-

115 2403 404 2450 contentae
420 2398 542 2456 sint,
564 2398 642 2448 sic
656 2403 896 2460 peccata,
920 2399 1051 2461 quia
1065 2396 1396 2461 discrepant,
1414 2411 1590 2460 aeque
1606 2397 1809 2449 discre-

46 2492 92 2528 30
114 2478 272 2535 pant;
328 2473 484 2535 paria
540 2477 668 2523 sunt
721 2472 904 2534 igitur.
959 2499 1022 2506 —
1070 2471 1174 2522 Hic
1226 2472 1491 2535 ambiguo
1544 2471 1804 2523 ludimur.

113 2560 289 2610 aeque
323 2547 469 2597 enim
507 2546 776 2609 contingit
810 2545 1068 2597 omnibus
1104 2545 1330 2605 fidibus,
1360 2551 1421 2598 ut
1454 2547 1805 2598 incontentae

116 2622 238 2677 sint,
268 2620 407 2671 illud
438 2634 550 2672 non
580 2621 857 2678 continuo,
888 2625 948 2671 ut
972 2633 1147 2683 aeque
1176 2620 1541 2672 incontentae.
1581 2620 1804 2672 collatio

188 2779 214 2819 2
250 2790 420 2830 magno
454 2789 594 2828 opere
626 2778 667 2819 N
773 2778 800 2820 3
833 2779 1098 2828 disputabat
1127 2771 1261 2820 R²N²
1293 2778 1589 2828 disputabant
1690 2778 1718 2818 4
1750 2779 1809 2819 ab

115 2849 173 2879 eo
206 2849 311 2879 esse
341 2837 572 2879 BERNV
664 2837 690 2878 5
723 2849 750 2878 a
782 2837 1026 2879 om.RNV
1120 2837 1175 2879 10
1207 2838 1486 2888 praestrigiis
1513 2837 1646 2878 BEN
1679 2849 1810 2888 prae-

117 2898 264 2948 stigiis
351 2897 405 2938 14
430 2899 541 2939 add.
563 2898 652 2939 hoc
675 2899 778 2939 loco
802 2897 941 2948 Mdv„
969 2899 1085 2949 post
1107 2898 1332 2939 contraria
1347 2897 1508 2939 Morel.
1597 2896 1650 2938 19
1675 2897 1809 2938 Joca-

120 2958 203 2999 bor
225 2956 265 2998 N
297 2956 486 2998 locabor
508 2956 592 2998 RB
625 2957 812 2999 locabar
834 2956 869 2998 E
901 2957 1078 2998 letabor
1100 2957 1141 2998 V
1247 2957 1320 2999 his
1353 2958 1412 2999 de
1436 2958 1540 2999 edd.
1573 2958 1612 2998 is
1645 2958 1704 2999 de
1728 2956 1810 2999 ER

120 3016 174 3066 ils
206 3016 264 3057 de
288 3015 330 3058 V
361 3016 419 3061 de
443 3015 480 3057 B
514 3028 603 3058 om.
627 3016 668 3058 N
789 3016 845 3058 27
878 3017 968 3058 nisi
998 3015 1070 3060 Se.
1102 3016 1142 3058 si
1232 3018 1346 3059 add.
1375 3015 1448 3061 Se.
1718 3053 1720 3055 ,
