2002 3068
208 113 245 166 4
637 107 722 153 DE
754 105 1007 153 FINIBUS
1041 105 1190 154 BON.
1223 105 1301 152 ET
1334 104 1485 153 MAL.
1674 113 1853 154 Lib.1c.
1874 112 1988 153 3—4

208 251 390 300 minus
435 263 629 300 omnes
672 262 797 298 mea
840 247 1039 311 legant.
1101 248 1309 298 utinam
1354 253 1498 299 esset
1541 248 1630 299 ille
1670 248 1898 308 PersiuS,

210 323 393 388 Scipio
419 338 549 375 vero
585 328 637 373 et
661 322 889 373 Rutilius
922 321 1093 372 multo
1129 322 1292 373 etiam
1325 323 1516 386 magis
1550 337 1782 385 quorum
1807 323 1897 374 ille

208 398 468 462 iudicium
510 396 866 448 reformidans
899 395 1204 447 Tarentinis
1243 397 1317 446 ait
1357 410 1417 447 se
1458 402 1510 447 et
1551 395 1897 447 Consentinis

208 478 259 523 et
285 472 479 523 Siculis
513 472 759 523 scribere.
803 471 977 522 facete
1010 472 1054 521 is
1088 470 1326 533 quidem,
1360 472 1497 522 sicut
1521 470 1650 530 alia;
1683 471 1781 522 sed
1806 486 1898 522 ne-

206 562 314 611 que
346 552 458 598 tam
499 546 645 598 docti
685 551 799 596 tum
842 550 1005 604 erant,
1050 545 1121 595 ad
1154 559 1386 608 quorum
1421 545 1680 596 iudicium
1715 546 1897 597 elabo-
1943 568 1966 601 5

205 627 356 681 raret,
390 627 442 672 et
475 626 599 672 sunt
632 620 775 671 illius
808 621 1006 683 scripta
1038 619 1257 679 leviora,
1289 625 1348 670 ut
1380 620 1658 671 urbanitas
1683 634 1898 670 summa

204 701 480 760 appareat,
514 696 759 747 doctrina
791 694 1096 745 mediocris,
1135 708 1240 758 ego
1266 700 1450 746 autem
1476 709 1641 759 quem
1673 695 1895 746 timeam

203 771 476 830 lectorem,
522 784 645 821 cum
691 769 762 820 ad
805 774 859 820 te
898 783 968 819 ne
1003 768 1224 820 Graecis
1265 769 1488 834 quidem
1522 769 1807 825 cedentem
1841 771 1895 819 in

203 845 558 911 philosophia
581 845 817 896 audeam
852 844 1122 894 scribere?
1165 858 1502 907 quamquam
1534 858 1568 895 a
1598 849 1652 895 te
1684 845 1805 907 ipso
1841 845 1894 894 id

203 920 427 984 quidem
460 920 600 971 facio
635 924 965 982 provocatus
1006 918 1314 982 gratissimo
1359 919 1492 968 mihi
1526 918 1685 978 libro,
1729 933 1892 982 quem
1919 938 1962 973 10

202 995 271 1046 ad
305 1009 395 1045 me
428 994 497 1045 de
529 995 724 1044 virtute
756 994 964 1044 misisti.

277 1068 387 1120 Sed
429 1082 495 1119 ex
537 1082 604 1120 eo
647 1068 808 1119 credo
851 1067 1181 1131 quibusdam
1223 1082 1325 1118 usu
1365 1068 1565 1128 venire,
1610 1073 1668 1119 ut
1699 1068 1892 1119 abhor-

201 1150 352 1195 reant
386 1158 419 1195 a
451 1143 669 1203 LatiniS,
703 1142 853 1206 quod
887 1142 1171 1192 inciderint
1211 1144 1265 1192 in
1299 1143 1500 1193 inculta
1534 1142 1807 1206 quaedam
1842 1148 1894 1193 et

200 1218 431 1278 horrida,
467 1218 536 1269 de
569 1218 728 1268 malis
763 1216 984 1268 Graecis
1018 1216 1206 1267 Latine
1240 1218 1437 1280 scripta
1470 1217 1720 1268 deterius,
1777 1218 1892 1280 qui-

199 1293 302 1344 bus
337 1307 441 1357 ego
476 1293 757 1351 assentior,
790 1291 921 1344 dum
955 1291 1123 1342 modo
1151 1291 1220 1342 de
1246 1291 1421 1342 isdem
1447 1292 1608 1342 rebus
1633 1306 1703 1343 ne
1729 1290 1891 1342 Grae·
1917 1310 1960 1345 15

199 1382 294 1419 cos
339 1367 563 1432 quidem
608 1366 876 1430 legendos
922 1371 1126 1429 putent.
1189 1380 1275 1417 res
1318 1380 1448 1418 vero
1494 1367 1670 1418 bonas
1710 1366 1891 1417 verbis

200 1441 385 1493 electis
418 1442 651 1506 graviter
683 1446 982 1504 ornateque
1027 1441 1199 1491 dictas
1239 1442 1361 1504 quis
1405 1455 1518 1492 non
1551 1441 1732 1505 legat?
1786 1442 1890 1490 nisi

198 1518 292 1581 qui
318 1531 378 1568 se
403 1516 567 1580 plane
593 1515 861 1567 Graecum
889 1515 994 1565 dici
1018 1515 1163 1574 velit,
1196 1521 1255 1566 ut
1279 1530 1312 1566 a
1337 1514 1606 1567 Scaevola
1635 1521 1715 1566 est
1740 1529 1890 1578 prae-

196 1597 312 1643 tore
352 1590 617 1642 salutatus
649 1590 879 1641 Athenis
912 1589 1191 1640 Albucius,
1247 1604 1412 1653 quem
1450 1590 1673 1653 quidem
1707 1590 1888 1641 locum

198 1667 362 1717 comit
386 1665 558 1716 multa
581 1670 868 1716 venustate
895 1670 946 1715 et
972 1665 1121 1715 omni
1147 1664 1262 1715 sale
1288 1665 1434 1715 idem
1461 1665 1712 1724 Lucilius,
1737 1664 1885 1727 apud
1911 1683 1956 1718 20

196 1754 361 1804 quem
395 1740 669 1804 praeclare
703 1739 995 1791 Scaevola:

271 1829 539 1881 Graecum
564 1835 631 1889 te,
656 1829 867 1888 Albuci,
894 1842 1060 1892 quam
1086 1828 1393 1880 Romanum
1420 1834 1585 1893 atque
1605 1828 1886 1887 Sabinum,

269 1905 602 1968 municipem
635 1903 807 1963 Ponti,
840 1902 1057 1963 Tritani,
1091 1905 1483 1963 centurionum,

270 1979 668 2043 praeclarorum
703 1978 989 2029 hominum
1022 1992 1087 2028 ac
1119 1979 1415 2041 primorum
1442 1978 1884 2042 signiferumque,

269 2053 507 2104 maluisti
541 2052 662 2104 dici.
722 2051 929 2104 Graece
963 2067 1092 2117 ergo
1127 2058 1341 2115 praetor
1372 2052 1618 2112 AtheniS,
1909 2070 1953 2105 z

268 2127 323 2178 id
358 2128 508 2192 quod
541 2127 796 2187 maluisti,
828 2132 896 2187 te,
930 2142 1054 2177 cum
1087 2127 1157 2177 ad
1191 2141 1280 2177 me
1313 2127 1546 2187 accediS,
1580 2127 1779 2178 saluto:

269 2196 517 2262 ‘chaere,’
553 2203 793 2266 inquam,
842 2196 1020 2253 ‘Titei'
1056 2201 1285 2261 lictoreS,
1332 2207 1508 2252 turma
1544 2203 1723 2252 omnis
1758 2201 1884 2252 cho-

1513 2290 1734 2339 rusque:

269 2345 498 2410 ‘chaere,
523 2345 683 2402 Titel’
718 2342 1043 2417 hincsshostis
1070 2351 1144 2400 mi
1161 2350 1440 2409 AlbuciuS,
1466 2350 1592 2400 hinc
1617 2351 1881 2400 inimicus

268 2467 295 2508 4
336 2468 426 2508 alia
468 2468 569 2510 Urs.
610 2469 724 2509 alias
889 2468 943 2509 12
987 2469 1090 2509 usui
1133 2469 1292 2510 uenire
1333 2479 1564 2519 superscr.
1601 2469 1662 2508 ab
1706 2469 1790 2508 alt.
1823 2479 1880 2508 m.

192 2527 305 2568 illud
335 2538 383 2575 ες
427 2530 480 2568 ut
509 2529 575 2569 sit
605 2528 717 2568 illud
755 2529 957 2575 euenire,
996 2527 1060 2575 A;
1092 2528 1251 2569 uenire
1289 2539 1375 2568 usu
1406 2527 1445 2568 R
1580 2527 1633 2567 17
1666 2527 1811 2568 dictas
1841 2526 1882 2567 V

192 2587 385 2628 dictatas
531 2586 586 2628 18
619 2589 827 2637 praetore
851 2587 902 2628 Ρ.
919 2587 1047 2629 Μαη.
1080 2589 1260 2637 praetor
1406 2587 1463 2628 20
1494 2587 1635 2627 comit
1656 2585 1727 2627 Se.
1759 2581 1816 2627 ’ὦ
1841 2587 1882 2627 Ν

191 2657 294 2686 cum
320 2645 550 2688 ABERV
574 2647 630 2698 cf.
657 2647 722 2687 ad
741 2650 932 2697 p.5,10,·
962 2650 1091 2696 23‚1;
1121 2650 1277 2696 26,12,·
1307 2650 1438 2696 44,8,·
1468 2650 1624 2695 46,15,·
1655 2649 1804 2695 160,31

191 2705 247 2748 23
279 2704 414 2746 Ponti
447 2706 550 2747 edd.
585 2706 731 2756 pontii
764 2701 929 2755 (pontu
960 2703 1062 2756 BE)
1201 2704 1371 2746 Tritani
1394 2706 1498 2747 Βαί.
1530 2705 1696 2745 tritanii
1720 2699 1881 2746 A'RV

190 2765 340 2805 tiranii
364 2759 429 2805 Α1
459 2765 625 2806 tritanu
649 2764 732 2805 BE
812 2764 868 2804 27
894 2762 1076 2813 chaere]
1103 2775 1206 2806 care
1230 2763 1312 2805 BE
1390 2761 1666 2814 chorusque]
1693 2764 1878 2805 cohors-

191 2834 282 2874 que
309 2819 508 2875 ‘primus
541 2826 771 2875 quantum
804 2825 938 2864 video
962 2819 1108 2865 Man.’
1135 2824 1260 2865 Μάυ.
1367 2823 1424 2864 29
1455 2824 1530 2865 hic
1554 2817 1806 2865 A¹1313Rv

192 2883 253 2922 mi
283 2882 436 2931 BEV;
469 2895 558 2925 om.
589 2885 637 2924 in
670 2894 764 2924 ras.
791 2882 853 2930 A;
895 2894 938 2923 m
964 2882 1022 2930 R;
1063 2894 1123 2922 mr
1157 2884 1203 2923 ιή
1236 2884 1334 2934 fine
1365 2894 1526 2925 versus
1550 2876 1628 2930 N¹,
1668 2884 1779 2924 add.
1814 2883 1878 2922 itii

191 2938 266 2991 (ut
295 2943 361 2983 sit
392 2940 538 2994 mutii)
570 2936 636 2983 N2
