2046 3138
50 159 78 212 §
109 161 285 203 45—49
398 214 401 217 y
566 154 652 201 DE
685 153 939 201 FINIBUS
973 153 1122 201 BON.
1156 153 1234 199 ET
1267 152 1420 198 MAL.
1736 157 1831 207 141

143 294 509 346 revertemini.
555 293 757 357 quibus
792 297 992 343 natura
1032 293 1149 343 iure
1185 290 1535 355 responderit
1572 302 1684 340 non
1719 302 1842 339 esse

142 382 335 420 verum
368 367 594 419 aliunde
625 367 797 418 finem
834 367 995 418 beate
1024 366 1267 425 vivendi,
1303 380 1336 416 a
1368 379 1426 416 se
1463 363 1734 428 principia
1765 363 1841 413 rei

143 443 421 506 gerendae
450 443 587 506 peti;
617 455 740 493 esse
776 442 922 492 enim
951 455 1120 491 unam
1154 441 1440 498 rationem,
1471 452 1580 502 qua
1613 443 1667 489 et
1696 437 1848 501 prin·

145 518 289 581 cipia
329 531 512 568 rerum
554 516 899 580 agendarum
947 521 1002 567 et
1042 515 1238 566 ultima
1282 515 1556 565 bonorum
1600 512 1849 563 contine-

98 607 121 642 5
145 597 346 650 rentur,
381 597 548 655 atque
583 596 644 642 ut
683 590 960 641 Aristonis
996 595 1143 641 esset
1181 589 1415 652 explosa
1450 588 1724 639 sententia
1763 586 1848 636 di-

145 667 317 718 centis
353 666 488 716 nihil
528 665 758 716 differre
802 664 955 715 aliud
993 664 1063 715 ab
1104 664 1230 722 ali0,
1267 677 1369 715 nec
1408 677 1531 714 esse
1568 676 1654 713 res
1695 661 1846 711 ullas

146 746 363 804 praeter
393 741 627 791 virtutes
660 745 714 791 et
750 740 901 798 vitia,
934 739 1074 790 inter
1111 753 1250 802 quas
1283 739 1577 801 quicquam
1616 737 1848 787 omnino

145 816 450 874 interesset,
485 815 564 865 sic
595 828 777 865 errare
815 815 1112 872 Zenonem,
1147 814 1239 876 qui
1277 812 1431 862 nulla
1463 812 1518 861 in
1557 825 1614 862 re
1646 811 1752 861 nisi
1789 811 1844 860 in

145 891 348 941 virtute
376 895 473 941 aut
498 890 635 940 vitio
672 889 1102 952 propensionem
1130 901 1199 938 ne
1230 887 1443 937 minimi
1473 886 1697 949 quidem
1729 899 1849 935 mo-

81 980 124 1016 ιο
145 965 315 1016 menti
349 964 421 1014 ad
458 978 737 1015 summum
776 963 984 1014 bonum
1019 961 1444 1025 adipiscendum
1482 974 1606 1011 esse
1641 960 1848 1011 diceret

146 1044 214 1098 et,
256 1052 379 1089 cum
422 1038 494 1089 ad
540 1038 787 1106 beatam⁶
802 1038 974 1088 vitam
1020 1036 1235 1087 nullum
1275 1041 1618 1087 momentum
1665 1040 1847 1085 cetera

146 1114 426 1172 haberent,
471 1113 544 1163 ad
590 1112 991 1176 appetitionem
1043 1117 1228 1162 tamen
1273 1125 1456 1161 rerum
1505 1123 1629 1160 esse
1673 1110 1728 1159 in
1778 1110 1848 1159 iis

146 1193 428 1239 momenta
469 1188 699 1245 diceret;
743 1187 901 1249 quasi
947 1199 1082 1237 vero
1123 1186 1261 1236 haec
1304 1185 1574 1248 appetitio
1614 1197 1726 1235 non
1773 1184 1847 1233 ad

149 1263 350 1313 summi
386 1262 518 1313 boni
557 1262 914 1324 adeptionem
960 1261 1285 1324 pertineret!
1335 1259 1483 1315 Quid
1525 1264 1711 1310 autem
1748 1259 1849 1309 miss
1878 1269 1934 1310 48

83 1354 126 1389 15
147 1351 253 1388 nus
276 1343 709 1388 consentaneum
729 1341 813 1387 est
841 1349 1006 1399 quam
1027 1334 1177 1397 quod
1203 1335 1358 1384 aiunt
1379 1334 1602 1397 cognito
1629 1347 1847 1384 summo

149 1411 297 1462 bono
334 1412 535 1462 reverti
575 1424 634 1462 se
677 1410 750 1461 ad
787 1415 1058 1468 naturam,
1100 1414 1162 1460 ut
1197 1423 1264 1459 ex
1306 1422 1372 1459 ea
1409 1413 1600 1471 petant
1640 1408 1844 1471 agendi

150 1486 498 1549 principium,
535 1484 591 1534 id
629 1490 715 1536 est
756 1483 974 1535 officii?
1019 1497 1132 1534 non
1172 1484 1319 1534 enim
1355 1483 1589 1533 actionis
1630 1487 1728 1533 aut
1762 1481 1848 1532 of-

150 1560 263 1611 ficii
290 1561 430 1611 ratio
454 1559 689 1622 impellit
719 1559 790 1609 ad
814 1572 894 1617 ea,
924 1572 1065 1622 quae
1091 1557 1397 1608 secundum
1424 1562 1680 1608 natu-ram
1706 1562 1849 1615 sunt,

151 1634 406 1697 petenda,
442 1633 540 1685 sed
575 1634 645 1684 ab
685 1634 753 1684 iis
786 1638 841 1684 et
877 1633 1148 1696 appetitio
1181 1636 1236 1683 et
1272 1633 1419 1683 actio
1452 1637 1855 1682 commovetur.

84 1726 130 1762 20
225 1708 385 1760 Nunc
409 1709 574 1760 venio
601 1707 673 1758 ad
706 1714 803 1759 tua
827 1707 924 1758 illa
953 1707 1158 1766 brevia,
1186 1720 1328 1770 quae
1360 1706 1702 1757 consectaria
1727 1720 1850 1757 esse
1872 1714 1941 1764 18

154 1783 392 1842 dicebaS,
437 1789 491 1834 et
536 1783 776 1846 primum
826 1781 982 1841 illud,
1028 1795 1138 1844 quo
1186 1781 1323 1831 nihil
1368 1786 1553 1844 potest
1601 1781 1850 1831 brevius:

152 1857 368 1908 Bonum
415 1870 579 1908 omne
625 1856 923 1915 laudabile,
975 1855 1257 1906 laudabile
1302 1861 1489 1906 autem
1539 1855 1850 1914 honestum,

152 1933 359 1983 bonum
382 1932 550 1995 igitur
569 1945 733 1982 omne
759 1931 1072 1982 honestum.
1102 1929 1149 1980 O
1175 1929 1498 1993 plumbeum
1519 1931 1850 1993 pugionem!

155 2007 278 2069 quis
311 2007 458 2057 enim
493 2006 591 2057 tibi
631 2007 870 2069 primum
904 2005 1043 2055 illud
1082 2005 1454 2056 concesserit?
1487 2033 1550 2038 —
1590 2018 1699 2067 quo
1735 2005 1851 2067 qui-

86 2102 132 2137 25
155 2081 281 2132 dem
319 2093 584 2131 concesso
621 2079 758 2130 nihil
800 2093 945 2143 opus
981 2085 1067 2130 est
1108 2079 1378 2137 secundm
1416 2080 1461 2129 si
1503 2080 1648 2129 enim
1686 2093 1850 2129 omne

155 2155 362 2206 bonum
396 2154 678 2206 laudabile
710 2159 810 2213 est,
849 2167 1013 2205 omne
1045 2154 1342 2205 honestum
1379 2159 1463 2204 est
1495 2182 1558 2188 -
1597 2154 1720 2216 quis
1752 2153 1851 2204 tibi
1885 2165 1941 2206 49

156 2243 290 2293 ergo
335 2229 484 2280 istud
532 2229 687 2280 dabit
731 2234 949 2292 praeter
993 2228 1349 2293 Pyrrhonem,
1393 2227 1711 2279 Aristonem
1758 2241 1849 2279 eo-

157 2318 349 2355 rumve
376 2303 599 2362 simileS,
624 2317 765 2366 quos
796 2309 856 2354 tu
878 2317 990 2354 non
1020 2303 1265 2366 probas?
1298 2302 1642 2362 AristoteleS,
1673 2302 1855 2354 Xeno-

158 2384 350 2438 crates,
393 2384 511 2430 tota
553 2377 650 2428 illa
698 2377 912 2428 familia
953 2390 1065 2428 non
1113 2377 1282 2436 dabit,
1326 2378 1533 2440 quippe
1582 2378 1674 2441 qui
1715 2378 1853 2429 vali-

88 2475 133 2510 30
158 2453 422 2512 tudinem,
451 2453 614 2511 vireS,
646 2452 886 2511 divitiaS‚
922 2451 1173 2515 gloriam,
1202 2451 1380 2502 multa
1411 2452 1522 2502 alia
1550 2452 1699 2503 bona
1732 2466 1855 2503 esse

235 2581 255 2622 1
292 2582 579 2622 revertemini
611 2581 652 2622 N
685 2581 960 2621 revertimini
1057 2580 1083 2622 3
1117 2581 1210 2630 peti
1244 2590 1349 2621 esse
1381 2574 1495 2621 N²v
1527 2581 1718 2630 petiisse
1742 2580 1830 2622 RN
1842 2574 1855 2598 ¹

159 2642 358 2692 peciisse
389 2640 472 2682 BE
618 2640 669 2680 11
705 2643 751 2681 et
783 2651 886 2681 cum
919 2641 979 2680 ad
1101 2643 1335 2681 momenta
1368 2640 1539 2681 diceret
1571 2637 1632 2690 (υ.
1661 2637 1730 2691 13)
1763 2651 1853 2681 om.

158 2701 251 2742 NV
413 2704 564 2742 cetera
615 2701 838 2740 haberent
888 2700 1037 2741 Brem.
1083 2695 1284 2749 (ceterae
1324 2710 1395 2740 res
1443 2700 1667 2740 haberent
1713 2698 1853 2750 Dav.)

159 2771 215 2801 ea
247 2771 317 2802 res
351 2762 540 2801 haberet
571 2760 701 2801 BER
841 2760 894 2799 12
926 2763 1081 2800 tamen
1106 2759 1226 2800 Dav.
1261 2763 1413 2801 autem
1448 2758 1579 2800 BER
1717 2759 1771 2799 16
1797 2770 1855 2800 ex

159 2820 241 2861 BE
274 2822 332 2862 ab
472 2820 526 2860 19
560 2817 778 2870 petenda]
813 2820 1078 2869 appetenda
1111 2821 1224 2860 dett.
1363 2819 1421 2859 20
1453 2822 1532 2860 tua
1563 2819 1641 2859 illa
1672 2818 1856 2860 BENV

160 2880 236 2920 illa
278 2883 356 2921 tua
387 2881 424 2922 R
464 2881 520 2931 cf.
551 2893 599 2932 p.
625 2884 687 2929 62,
715 2884 763 2920 14
904 2878 956 2919 21
1005 2876 1211 2928 dicebas]
1250 2891 1297 2930 p.
1322 2883 1387 2929 98,
1411 2883 1460 2919 21
1603 2879 1660 2920 22
1702 2882 1855 2920 autem

160 2937 422 2989 honestum]
465 2943 616 2980 autem
659 2949 798 2980 omne
830 2939 1075 2979 honestum
1110 2941 1223 2980 dett.
1369 2939 1426 2979 26
1459 2940 1540 2979 tibi
1575 2949 1684 2990 ergo
1718 2938 1805 2980 RN
1815 2939 1871 2980 ν’

161 2999 217 3051 cf.
247 3011 295 3051 p.
311 3004 376 3050 31,
403 3004 478 3050 18,·
501 3003 662 3050 43,20,·-
692 3000 827 3049 igitur
856 3000 938 3039 tibi
970 2998 1052 3039 BE
1165 2998 1223 3040 29
1256 2999 1333 3039 illa
1364 3002 1525 3040 natura
1556 2999 1729 3040 familia
1759 2998 1798 3043 R
