2046 3138
30 151 59 204 ς
83 153 230 195 9-—13
538 150 623 197 DE
655 148 908 198 lessus
940 148 1091 197 BON.
1124 148 1203 195 ET
1235 147 1387 196 MAL.
1710 156 1805 209 161

118 302 205 340 res
251 289 574 352 postularet.
630 290 779 341 vitae
822 295 1008 341 autem
1055 288 1345 353 degendae
1384 289 1525 340 ratio
1569 288 1809 339 maxime

119 363 343 427 quidem
370 363 481 415 illis
509 363 718 427 placuit
744 364 945 428 quieta,
972 364 1028 415 in
1051 362 1519 427 contemplatione
1543 368 1598 415 et
1623 362 1811 426 cogni-

121 438 270 489 tione
312 438 497 501 posita
537 451 735 497 rerum,
777 452 920 502 quae
962 439 1092 502 quia
1127 437 1357 489 deorum
1399 442 1516 489 erat
1555 437 1703 488 vitae
1742 437 1813 488 si-

121 511 367 571 millima,
415 513 665 576 sapiente
709 513 833 564 visa
876 518 961 565 est
1006 512 1351 576 dignissima.
1401 517 1568 575 atque
1612 511 1698 562 his
1744 511 1813 563 de

76 602 100 637 5
122 586 286 638 rebus
319 592 372 638 et
406 587 702 650 splendida
732 592 817 639 est
847 601 1040 639 eorum
1066 592 1121 638 et
1152 586 1383 638 illustris
1414 587 1608 638 orati0.

188 660 270 712 De
306 675 524 712 summo
563 667 749 713 autem
784 661 947 721 bon0‚
984 662 1114 724 quia
1150 661 1262 712 duo
1302 675 1507 724 genera
1545 660 1810 711 librorum

121 743 260 798 sunt,
328 754 500 790 unum
556 738 888 802 populariter
942 741 1217 802 scriptum,
1279 738 1431 802 quod
1492 730 1814 801 ἐξωτερικόν

118 809 493 874 appellabant,
535 810 769 862 alterum
813 810 1073 870 limatiuS,
1115 810 1265 874 quod
1308 811 1363 861 in
1401 810 1810 862 commentariis

119 884 472 948 reliquerunt,
509 899 621 936 non
660 899 878 948 semper
912 885 1060 936 idem
1099 884 1280 936 dicere
1309 885 1582 944 videntur,
1619 897 1721 935 nec
1755 885 1810 934 in

56 975 100 1011 ιο
123 972 341 1010 summa
398 965 584 1011 tamen
644 961 768 1022 ipsa
810 965 907 1011 aut
949 960 1192 1011 varietas
1220 964 1314 1011 ,est
1357 958 1472 1010 ulla
1513 958 1665 1022 apud
1708 958 1812 1009 hos

122 1033 361 1096 quidem,
393 1048 535 1097 quos
567 1035 866 1093 nominavi,
897 1039 994 1086 aut
1024 1034 1166 1086 inter
1191 1035 1346 1097 ipsos
1378 1033 1670 1097 dissensio.
1713 1033 1809 1084 sed

122 1122 245 1159 cum
283 1108 447 1160 beata
484 1109 600 1160 vita
637 1114 936 1173 quaeratur
972 1108 1140 1172 idque
1172 1109 1244 1160 sit
1280 1122 1467 1167 unum,
1501 1107 1661 1172 ‚quod
1693 1107 1813 1171 phi-

119 1181 379 1246 losophia
420 1188 671 1246 spectare
712 1188 767 1235 et
808 1183 963 1246 sequi
1007 1183 1222 1242 debeat,
1260 1183 1401 1234 sitne
1442 1196 1508 1234 ea
1548 1187 1666 1235 totsa
1705 1182 1811 1233 sita

119 1257 174 1307 in
223 1262 500 1320 potestate
547 1258 815 1320 sapientis
862 1271 932 1308 an
980 1258 1160 1320 possit
1200 1263 1296 1308 aut
1342 1256 1666 1308 labefactari
1713 1261 1810 1308 aut

59 1348 102 1383 15
123 1331 260 1395 eripi
291 1331 458 1382 rebus
489 1331 757 1390 adversiS,
787 1332 843 1382 in
874 1345 942 1383 eo
967 1345 1079 1383 non
1109 1345 1413 1395 numquam
1443 1331 1646 1383 variari
1666 1332 1815 1382 inter

122 1419 220 1457 eos
265 1411 320 1457 et
365 1405 613 1457 dubitari·
649 1405 886 1457 videtur.
942 1405 1093 1469 quod
1132 1406 1372 1458 maxime
1416 1405 1594 1459 efficit
1637 1404 1815 1457 Theo-

122 1479 334 1543 phrasti
370 1480 439 1532 de
473 1480 638 1532 beata
670 1481 787 1532 vita
820 1479 972 1539 liber,
1002 1481 1058 1531 in
1093 1494 1203 1544 quo
1237 1479 1473 1533 multum
1505 1479 1812 1531 admodum

121 1553 379 1606 fortunae
424 1554 602 1606 datur.
658 1554 809 1618 quod
868 1555 914 1606 si
973 1555 1051 1605 ita
1103 1568 1163 1606 se
1219 1554 1436 1613 habeat,
1479 1568 1591 1606 non
1632 1554 1812 1618 possit

122 1628 342 1679 beatam
379 1634 663 1692 praestare
698 1629 871 1679 vitam
909 1629 1197 1692 sapientia.
1244 1627 1397 1680 Haec
1424 1628 1559 1679 mihi
1593 1627 1815 1680 videtur

55 1720 102 1756 20
124 1702 425 1762 delicatior,
451 1708 513 1755 ut
538 1703 616 1754 ita
643 1702 839 1762 dicam,
866 1702 1376 1766 molliorque-ratio,
1402 1717 1568 1766 quam
1593 1703 1814 1754 virtutis

120 1777 207 1828 vis
226 1777 586 1840 gravitasque
606 1777 870 1840 postulat.
888 1790 1060 1840 quare
1079 1782 1368 1828 teneamus
1384 1776 1742 1828 Aristotelem
1762 1782 1817 1829 et

120 1852 241 1903 eius
287 1850 469 1902 filium
517 1851 932 1910 Nicomachum,
978 1852 1135 1902 cuius
1195 1857 1450 1903 accurate
1507 1852 1695 1915 scripti
1742 1851 1812 1904 de

124 1926 374 1977 moribus
407 1925 531 1976 libri
567 1925 825 1977 dicuntur
857 1925 936 1976 illi
971 1925 1195 1989 quidem
1224 1939 1348 1977 esse
1379 1925 1681 1985 Aristoteli,
1716 1926 1814 1977 sed

123 2013 235 2051 non
274 1999 457 2059 vide0,
499 2014 595 2051 cur
632 2014 745 2051 non
785 2000 1028 2063 potuerit
1054 2001 1205 2063 ¹patri
1246 2000 1442 2052 sim-ilis
1482 2014 1606 2052 esse
1643 2000 1812 2052 filius.

58 2073 569 2137 stheophrastum
612 2079 797 2125 tamen
841 2074 1215 2125 adhibeamus
1248 2074 1320 2125 ad
1364 2074 1642 2138 pleraque,
1681 2075 1814 2126 dum

124 2148 294 2199 modo
332 2148 460 2212 plus
497 2149 554 2198 in
588 2149 792 2200 virtute
829 2153 1132 2207 teneamuS,
1165 2162 1330 2212 quam
1368 2148 1460 2200 ille
1497 2149 1687 2209 tenuit,
1720 2149 1816 2201 fir·-

123 2223 330 2274 mitatis
365 2227 419 2273 et
451 2222 683 2273 roboris
729 2221 915 2274 Simus
949 2223 1118 2286 igitur
1150 2224 1391 2274 contenti
1425 2223 1526 2274 his.
1575 2237 1815 2287 namque
1851 2239 1905 2280 13

123 2297 321 2348 horum
367 2297 576 2360 posteri
621 2296 879 2349 meliores
937 2296 1017 2348 illi
1078 2296 1302 2361 quidem
1334 2311 1482 2349 .mea
1541 2299 1814 2350 sententia

125 2385 291 2434 quam
338 2371 674 2434 reliquarum
715 2370 1043 2435 philosophi
1090 2371 1524 2436 disciplinarum,
1587 2372 1685 2424 sed
1737 2373 1814 2424 ita

57 2464 103 2499 30
125 2445 478 2508 degenerant,
509 2450 571 2496 ut
601 2445 709 2508 ipsi
739 2459 809 2497 ex
841 2459 899 2497 se
924 2446 1039 2497 nati
1068 2459 1194 2498 esse
1223 2446 1533 2498 videantur.
1573 2448 1812 2510 primum

123 2518 507 2582 Theophrasti,
549 2518 748 2578 Strat0,
791 2519 1082 2584 physicum
1123 2534 1183 2571 se
1223 2520 1425 2579 voluit;
1451 2521 1516 2572 ·in
1558 2535 1667 2584 quo
1709 2523 1811 2573 etsi

125 2597 210 2644 est
254 2606 508 2657 magnuS,
553 2598 739 2645 tamen
782 2607 932 2645 nova
992 2593 1256 2658 pleraque
1295 2599 1349 2646 et
1409 2609 1689 2659 perpauca
1745 2595 1814 2648 de

1848 630 1880 680 5

1850 702 1904 743 12

204 2811 224 2851 1
260 2811 516 2862 elegendae
547 2811 582 2852 E
621 2812 866 2863 eligendae
897 2811 934 2852 Β
1063 2812 1090 2853 2
1123 2813 1212 2853 illis
1244 2815 1430 2863 quidem
1463 2814 1546 2856 BE
1667 2815 1693 2856 3
1726 2815 1818 2856 vite

127 2874 222 2911 erat
258 2870 345 2911 BE
514 2871 566 2911 12
608 2871 907 2921 philosophia
938 2873 1052 2913 dett.
1094 2872 1439 2924 philosophiam
1610 2873 1664 2915 15
1703 2875 1819 2915 inter

126 2939 210 3029 eos
224 2931 409 3031 §vim
440 2931 478 2972 R
633 2930 686 2971 19
725 2932 863 2972 vitam
904 2934 1135 2981 praestare
1174 2931 1260 2973 BE
1412 2933 1649 2975 delicatior
1689 2934 1817 2974 vide-

144 3000 196 3029 ur

202 3064 286 3102 Cic.
303 3066 349 3100 43
1466 3068 1514 3108 ll
