2046 3138
33 137 61 188 §
89 138 263 179 74-78
543 132 627 177 DE
658 131 911 179 FINIBUS
945 132 1094 180 BON.
1129 132 1207 178 ET
1241 132 1394 178 MAL.
1750 140 1820 189 67

123 275 388 325 rationem
431 275 591 336 igitur
635 287 880 337 sequere,
925 288 1034 337 qua
1078 280 1259 325 tecum
1304 275 1423 336 ipse
1465 278 1517 324 et
1557 288 1681 324 cum
1715 268 1825 324 tuis*

124 356 290 408 utare,
325 348 562 411 profiteri
597 353 649 398 et
681 350 735 398 in
770 349 1014 399 medium
1050 349 1286 412 proferre
1318 363 1430 399 non
1465 348 1713 399 audeas?
1767 354 1825 398 at

122 438 253 474 vero
288 422 395 482 illa,
429 436 573 485 quae
606 422 962 485 Peripatetici,
997 437 1142 486 quae
1168 422 1335 474 Stoici
1369 423 1570 482 dicunt,
1604 437 1826 486 semper>

123 498 220 548 tibi
253 499 306 548 in
342 511 435 548 ore
468 502 594 547 sunt
627 499 680 547 in
715 498 944 557 iudiciiS,
978 499 1032 548 in
1067 504 1276 549 senatu.
1344 498 1602 557 officium,
1635 499 1826 561 aequi-

75 584 98 618 5
122 579 305 631 tatem,
340 572 677 636 dignitatem,
710 572 893 631 fidem,
919 578 1078 632 recta,
1105 573 1353 633 honesta,
1380 573 1550 636 digna
1575 573 1827 635 imperio,

122 648 290 710 digna
323 646 531 709 populo
565 646 831 706 Romano,
865 649 1052 698 omnia
1084 647 1325 710 pericula
1365 661 1463 710 pro
1496 662 1553 698 re
1586 647 1824 710 publica,

121 723 257 772 mori
292 735 389 784 pro
424 723 609 784 patria,
644 722 782 772 haec
808 736 932 771 cum
958 722 1213 785 loqueriS,
1246 736 1350 773 nos
1376 722 1613 773 barones
1639 727 1822 784 stupe-

121 810 258 855 mus,
291 802 349 845 tu
380 795 637 846 videlicet
670 802 849 846 tecum
884 798 1003 859 ipse
1035 797 1193 847 rides.
1248 810 1378 846 nam
1404 797 1541 847 inter
1573 798 1676 847 ista
1708 802 1821 847 tam
1855 800 1916 840 77

122 870 416 934 magnifica
458 871 629 921 verba
676 876 902 933 tamque
950 871 1226 934 praeclara
1273 885 1386 922 non
1434 871 1601 922 habet
1647 871 1820 921 ullum

55 955 98 990 10
120 944 379 1007 voluptas
412 945 610 1003 locum,
643 959 756 996 non
782 946 951 996 modo
986 946 1092 1005 illa,
1126 959 1292 1010 quam
1326 947 1381 996 in
1407 951 1561 997 motu
1596 960 1720 996 esse
1744 946 1823 996 di-

121 1020 253 1078 citis,
287 1033 454 1082 quarn
489 1033 683 1070 omnes
724 1020 917 1070 urbani
951 1022 1150 1079 rustici,
1191 1035 1401 1080 omneS,
1441 1022 1684 1084 inquam,
1726 1022 1820 1083 qui

120 1094 311 1144 Latine
344 1094 655 1156 loquuntur,
687 1094 1032 1157 voluptatem
1057 1101 1274 1155 vocant,
1307 1096 1405 1146 sed
1439 1109 1510 1146 ne
1542 1095 1681 1146 haec
1705 1096 1822 1159 qui-

121 1169 247 1219 dem
282 1168 505 1228 stabilis,
548 1183 714 1232 quarn
750 1174 961 1231 praeter
999 1184 1103 1220 vos
1143 1184 1309 1221 nemo
1353 1170 1596 1232 appellat
1626 1170 1822 1233 volup-

119 1249 301 1294 tatem.

54 1328 96 1362 15
193 1317 334 1368 Vide
366 1319 528 1381 igitur
560 1332 630 1368 ne
662 1332 775 1368 non
811 1318 1016 1369 debeas
1040 1319 1222 1369 verbis
1255 1320 1454 1370 nostris
1479 1320 1572 1378 uti,
1605 1324 1824 1370 senten·
1839 1317 1910 1367 24

119 1394 206 1442 tiis
239 1393 361 1443 tuis,
417 1392 617 1455 quodsi
641 1392 855 1443 vultum
889 1393 1000 1452 tibi,
1034 1395 1079 1443 si
1110 1395 1389 1444 incessum
1422 1394 1675 1457 fingereS,
1707 1408 1820 1457 quo

120 1469 335 1530 gravior
367 1467 629 1526 viderere,
662 1481 775 1517 non
810 1482 960 1518 esses
993 1470 1070 1518 tui
1104 1468 1318 1527 similis;
1349 1469 1520 1519 verba
1552 1473 1609 1518 tu
1643 1468 1821 1532 fingas

121 1547 173 1592 et
207 1555 273 1591 ea
306 1542 472 1600 dicas,
506 1555 650 1604 quae
682 1556 795 1592 non
830 1544 1076 1593 sentias?
1123 1548 1217 1593 aut
1251 1544 1430 1602 etiam,
1463 1548 1523 1593 ut
1545 1545 1821 1602 vestitum,

120 1618 198 1666 sic
231 1617 558 1666 sententiam
592 1616 800 1666 habeas
833 1616 999 1666 aliam
1033 1617 1409 1676 domesticam,
1442 1618 1605 1668 aliam
1646 1618 1823 1669 foren-

50 1700 97 1735 20
121 1704 254 1749 sem,
287 1695 347 1740 ut
371 1692 426 1740 in
453 1690 628 1741 fronte
661 1692 955 1742 ostentatio
982 1693 1064 1751 sit,
1090 1693 1236 1742 intus
1259 1694 1460 1743 veritas
1486 1692 1823 1743 occultetur?

117 1765 262 1824 vide,
309 1779 535 1827 quaes0,
587 1770 868 1816 rectumne
913 1767 994 1816 sit.
1064 1767 1196 1816 mihi
1242 1767 1466 1829 quidem
1513 1781 1613 1818 eae
1655 1780 1820 1819 verae

117 1839 372 1890 videntur
415 1840 723 1902 opinioneS‚
776 1854 920 1903 quae
965 1840 1247 1900 honestae,
1300 1855 1446 1904 quae
1497 1842 1819 1900 laudabileS,

120 1913 263 1977 q'uae
304 1913 594 1977 gloriosae,
639 1927 783 1977 quae
823 1916 877 1964 in
911 1920 1122 1974 senatu,
1167 1929 1311 1979 quae
1351 1916 1500 1978 apud
1535 1916 1820 1979 populum,

121 2002 264 2051 quae
297 1990 351 2038 in
379 1990 529 2039 omni
560 1994 720 2039 coetu
752 1989 1098 2052 concilioque
1131 1990 1473 2052 profitendae
1507 1992 1627 2049 sint,
1660 2005 1732 2042 ne
1765 1991 1820 2040 id

52 2073 98 2108 25
121 2077 234 2113 non
269 2062 474 2124 pudeat
506 2064 719 2122 sentire,
753 2064 904 2126 quod
939 2064 1145 2126 pudeat
1177 2064 1371 2117 dicere.

193 2136 482 2188 Amicitiae
504 2151 637 2188 vero
671 2138 826 2188 locus
859 2138 953 2188 ubi
988 2152 1113 2189 esse
1137 2144 1318 2201 potest
1342 2145 1437 2190 aut
1463 2142 1585 2203 quis
1610 2141 1820 2190 amicus
1854 2152 1910 2193 78

121 2225 244 2262 esse
277 2213 549 2274 cuiquam,
594 2226 760 2275 quem
800 2227 913 2263 non
954 2214 1136 2275 ipsum
1170 2219 1317 2264 amet
1350 2219 1570 2277 propter
1601 2216 1821 2277 ipsum?

121 2286 254 2348 quid
287 2291 471 2336 autem
507 2291 588 2337 est
621 2300 820 2345 amare,
856 2301 887 2337 e
921 2301 1032 2350 quo
1065 2302 1270 2338 nomen
1298 2288 1521 2339 ductum
1548 2290 1820 2340 amicitiae

122 2366 218 2419 est,
273 2362 376 2411 nisi
430 2361 575 2411 velle
623 2362 784 2411 bonis
841 2361 1081 2424 aliquem
1130 2362 1272 2412 affici
1330 2377 1496 2426 quarn
1552 2365 1820 2422 maximiS,

2 2457 5 2491 ι
51 2445 96 2480 3ο
122 2435 334 2484 etiamsi
367 2435 436 2485 ad
471 2450 531 2486 se
565 2450 631 2485 ex
665 2436 728 2485 iis
770 2435 903 2485 nihil
937 2436 1243 2488 redundet?
1308 2432 1589 2498 ‘Prodest',
1630 2439 1820 2501 inquit,

197 2582 216 2621 1
253 2592 449 2632 sequere
491 2583 584 2623 AV
631 2594 826 2633 sequare
873 2582 910 2623 B
959 2579 1094 2636 seqre
1139 2584 1174 2624 E
1229 2582 1363 2645 seqre
1411 2581 1736 2636 (=sequere)
1783 2584 1822 2626 R

120 2646 254 2718 setfre
295 2667 342 2720 (a
381 2673 429 2712 in
463 2669 578 2723 ras.)
619 2672 660 2712 N
815 2672 868 2713 15
902 2672 1094 2723 debeas]
1129 2648 1308 2728 dubecas
1339 2674 1378 2716 R
1532 2673 1587 2714 16
1619 2674 1821 2724 fingeres

120 2722 274 2770 BEN*
310 2729 532 2781 fringeres
565 2730 658 2772 AN
675 2726 738 2773 ¹V
780 2732 985 2783 fringens
1016 2733 1054 2775 R
1182 2734 1234 2775 21
1280 2745 1366 2775 eae
1399 2735 1503 2775 edd.
1552 2734 1642 2774 hae
1674 2733 1716 2773 A
1760 2734 1820 2774 he

121 2787 159 2830 R
190 2785 247 2831 eve
280 2786 364 2839 (π
383 2788 508 2842 esse)
540 2791 633 2832 NV
664 2794 711 2832 et
741 2791 824 2832 BE
956 2793 1041 2834 -24
1073 2796 1179 2834 sunt
1209 2793 1247 2835 R
1410 2793 1467 2834 25
1499 2804 1595 2834 non
1630 2790 1819 2842 pudeat]

123 2849 295 2897 pudeat
325 2860 420 2891 non
462 2847 542 2901 (ne
572 2848 628 2902 E)
667 2850 749 2891 BE
901 2851 1050 2894 30‘ex
1088 2854 1144 2894 iis
1184 2853 1299 2893 nihil
1330 2855 1434 2894 edd.
1477 2863 1535 2894 ex
1574 2853 1646 2893 his
1691 2847 1819 2903 (hijs)

122 2907 239 2948 nihil
271 2905 452 2961 (nichil)
485 2910 676 2952 ARNV
707 2911 849 2951 nichil
882 2922 940 2952 ex
972 2913 1056 2963 hys
1089 2912 1170 2953 BE
1304 2913 1530 2954 redundet
1560 2912 1684 2953 Mdv.
1720 2912 1819 2953 red-

123 2970 234 3007 eunt
264 2971 310 3008 et
342 2967 521 3012 ABER
554 2970 743 3011 reddeat
776 2969 899 3017 Quid
932 2966 995 3012 N¹
1028 2973 1185 3013 redeat
1218 2971 1342 3019 Quid
1374 2966 1488 3013 N²v

1478 3047 1528 3086 5*
