2046 3138
250 138 352 189 192
435 130 437 132 ’
666 131 753 177 DE
783 129 1037 178 FINIBUS
1070 129 1220 186 BON.
1253 129 1332 176 ET
1364 129 1517 176 MAL.
1631 134 2024 178 Lib.vc.24—26

245 268 506 320 laudibus
541 267 938 332 amplificantis
975 269 1170 327 orati0,
1208 268 1445 332 denique
1480 268 1617 320 haec
1651 274 1736 320 est
1771 269 1931 319 undi-

237 355 353 405 que
385 342 661 406 completa
694 348 748 394 et
779 342 1026 406 perfecta
1057 341 1353 406 explicatio
1388 344 1588 394 summi
1621 343 1767 393 boni.
1806 343 1934 393 hinc

247 417 409 468 ceteri
447 416 748 480 particulas
787 418 1028 480 arripere
1066 417 1247 468 conati
1286 431 1445 468 suam
1484 418 1717 480 quisque
1754 416 1930 468 videri

157 471 226 519 25
245 490 423 542 voluit
449 490 655 542 afferre
685 492 1030 543 sententiam.
1068 504 1236 554 saepe
1263 491 1334 542 ab
1362 490 1673 549 Aristotele,
1701 505 1734 540 a
1757 490 1933 542 Theo-

158 542 213 582 73
246 565 475 627 phrasto
525 565 849 616 mirabiliter
900 571 985 617 est
1035 565 1265 616 laudata
1316 579 1414 628 per
1465 579 1524 616 se
1576 566 1701 628 ipsa
1748 578 1930 616 rerum
1980 585 2003 619 5

247 639 499 697 scientia;
540 639 647 690 hoc
688 653 800 690 uno
843 645 1039 702 captus
1081 638 1281 690 Erillus
1325 640 1610 690 scientiam
1654 653 1931 690 summum

244 713 452 764 bonum
500 727 624 765 esse
676 713 926 766 defendit
974 727 1076 764 nec
1123 727 1238 764 rem
1288 713 1459 764 ullam
1510 713 1676 763 aliam
1723 727 1821 776 per
1873 726 1932 764 se

245 788 629 850 expetendam.
677 787 852 838 multa
903 793 1032 839 sunt
1081 787 1228 839 dicta
1277 787 1347 838 ab
1396 788 1638 850 antiquis
1690 787 1758 837 de
1805 800 1932 838 con-

245 861 557 913 temnendis
592 875 658 913 ac
694 861 1066 925 despiciendis
1102 861 1267 913 rebus
1303 862 1584 919 humanis:
1620 861 1727 912 hoc
1760 876 1931 911 unum

243 935 431 987 Aristo
461 937 661 988 tenuit:
694 941 911 999 praeter
939 936 1075 987 vitia
1105 941 1271 999 atque
1302 936 1534 987 virtutes
1563 936 1791 998 negavit
1817 949 1931 986 rem
1959 956 2002 991 10

245 1023 368 1060 esse
405 1009 578 1060 ullam
618 1016 715 1061 aut
753 1010 1078 1073 fugiendam
1117 1015 1213 1061 aut
1251 1010 1636 1073 expetendam.
1686 1011 1931 1072 positum

245 1089 330 1135 est
354 1098 388 1134 a
414 1085 620 1136 nostris
645 1085 700 1134 in
727 1085 794 1134 iis
822 1098 946 1135 esse
971 1084 1151 1143 rebuS,
1174 1097 1316 1147 quae
1345 1084 1650 1135 secundum
1677 1089 1931 1135 naturam

245 1163 445 1217 essent,
476 1172 589 1210 non
625 1158 838 1217 dolere;
870 1158 977 1210 hoc
1008 1158 1379 1222 Hieronymus
1414 1172 1691 1208 summum
1724 1158 1931 1209 bonum

244 1245 367 1283 esse
393 1232 546 1284 dixit.
583 1238 640 1284 at
662 1246 796 1284 vero
822 1232 1076 1296 Callipho
1103 1238 1157 1284 et
1181 1238 1310 1296 post
1329 1246 1455 1283 eum
1484 1231 1780 1290 Diodorus,
1808 1245 1931 1282 cum

243 1306 381 1358 alter
402 1306 749 1370 voluptatem
773 1306 1165 1365 adamavisset,
1188 1306 1326 1357 alter
1346 1307 1680 1357 vacuitatem
1706 1305 1931 1364 doloriS,
1960 1326 2002 1361 15

245 1386 438 1432 neuter
486 1381 776 1432 honestate
828 1394 1011 1431 carere
1062 1381 1256 1443 potuit,
1308 1394 1449 1443 quae
1500 1386 1583 1431 est
1632 1394 1665 1430 a
1721 1381 1932 1433 nostri-s

156 1476 213 1516 74
245 1454 474 1506 laudata
497 1455 751 1506 maxime.
789 1455 921 1519 quin
945 1456 1111 1506 etiam
1135 1455 1242 1517 ipsi
1268 1454 1569 1518 voluptarii
1596 1454 1934 1505 deverticula

246 1535 518 1592 quaerunt
548 1535 602 1581 et
632 1530 866 1581 virtutes
896 1529 1102 1580 habent
1132 1529 1188 1579 in
1219 1542 1315 1580 ore
1346 1534 1494 1580 totos
1524 1528 1643 1579 dies
1677 1528 1933 1591 volupta-

245 1608 466 1667 temque
511 1604 690 1667 primo
739 1603 1029 1655 dumtaxat
1074 1603 1258 1666 expeti
1306 1603 1507 1661 dicunt,
1557 1602 1757 1653 deinde
1805 1616 1932 1653 con-

247 1677 540 1729 suetudine
572 1678 730 1740 quasi
763 1677 993 1728 alteram
1027 1677 1306 1740 quandam
1337 1683 1592 1727 naturam
1625 1676 1792 1734 effici,
1826 1690 1934 1739 qua
1957 1698 2003 1732 20

244 1751 451 1815 inpulsi
489 1751 666 1802 multa
706 1751 913 1802 faciant
951 1751 1162 1802 nullam
1203 1756 1529 1814 quaerentes
1569 1751 1930 1813 voluptatem.

246 1825 415 1877 Stoici
470 1831 694 1877 restant.
751 1826 801 1877 ei
857 1825 1081 1889 quidem
1120 1839 1248 1893 :non
1305 1839 1472 1875 unam
1529 1824 1771 1887 aliquam
1836 1830 1931 1874 aut

244 1898 474 1950 alteram
508 1896 693 1966 (rem)
725 1913 760 1950 a
788 1899 965 1957 nobis,
999 1899 1098 1950 sed
1131 1905 1304 1950 totam
1337 1899 1409 1949 ad
1439 1913 1498 1950 se
1530 1904 1778 1949 nostram
1813 1898 1931 1960 phi-

245 1973 560 2037 losophiam
591 1973 1014 2032 transtulerunt;
1046 1978 1212 2036 atque
1242 1978 1302 2024 ut
1333 1972 1527 2036 reliqui
1560 1972 1712 2023 fures
1743 1986 1932 2023 earum

244 2061 440 2106 rerum,
486 2061 625 2111 quas
671 2053 948 2111 ceperunt,
994 2048 1154 2110 signa
1200 2052 1554 2105 commutant,
1601 2048 1680 2097 sic
1723 2046 1818 2105 illi,
1870 2051 1930 2097 ut
1958 2069 2004 2104 23

246 2122 532 2173 sententiis
559 2122 764 2173 nostris
795 2135 896 2185 pro
926 2122 1041 2172 suis
1069 2126 1366 2180 uterentur,
1394 2122 1621 2172 nomina
1648 2126 1930 2183 tamquam

246 2209 427 2247 rerum
480 2201 642 2247 notas
695 2201 1064 2247 mutaverunt.
1117 2196 1195 2246 ita
1246 2195 1571 2258 relinquitur
1625 2194 1745 2245 sola
1796 2195 1934 2245 haec

247 2269 541 2333 disciplina
580 2270 751 2334 digna
792 2270 1060 2321 studiosis
1100 2270 1465 2332 ingenuarum
1505 2269 1720 2326 artium,
1762 2267 1932 2331 digna

245 2343 492 2403 eruditis,
535 2343 707 2407 digna
750 2343 911 2394 claris
953 2344 1102 2402 viris,
1147 2343 1317 2406 digna
1360 2343 1716 2406 principibus,
1761 2342 1930 2405 digna

242 2418 484 2481 regibus.
1956 2439 2002 2475 30

314 2544 341 2585 8
375 2545 497 2585 dicta
526 2547 634 2586 sunt
663 2544 746 2586 BE
840 2545 890 2585 11
919 2545 1224 2595 expetendam
1252 2547 1367 2587 dett.
1400 2545 1647 2595 petendam
1743 2544 1795 2584 15
1821 2544 1929 2584 ada-

241 2607 411 2645 masset
441 2603 525 2645 BE
648 2604 702 2645 1⁷
735 2604 1001 2645 diverticula
1031 2604 1214 2645 BENV
1345 2604 1398 2645 18
1431 2608 1655 2655 quaerunt
1763 2604 1936 2644 habent

334 2664 491 2704 dicunt
540 2664 697 2705 Lamb.
754 2667 975 2714 quaerant
1104 2664 1308 2705 habeant
1353 2660 1547 2714 (habent
1588 2661 1649 2714 V)
1780 2663 1934 2703 dicant

239 2718 545 2773 (sententiae
585 2724 909 2774 satisfaceret:
958 2723 1134 2773 quidni,
1177 2735 1317 2774 quum
1361 2725 1498 2764 etiam
1624 2725 1845 2773 quaerant

240 2783 444 2824 habeant
550 2783 736 2823 dicant?
791 2785 845 2823 ut
886 2784 1040 2824 minus
1083 2783 1173 2825 hoc
1215 2784 1262 2824 ἱη
1305 2782 1606 2835 Calliphonte
1645 2785 1692 2823 et
1720 2781 1933 2822 Diodoro

240 2843 407 2884 mirum
448 2853 548 2884 esse
579 2837 951 2893 siqnificaretur’
993 2839 1141 2893 Mdv.)
1295 2842 1348 2883 19
1387 2845 1533 2893 primo
1577 2843 1812 2882 dumtaxat
1842 2840 1934 2882 NV

241 2902 387 2951 prima
418 2902 526 2943 dum
557 2904 683 2942 taxat
713 2902 751 2943 R
791 2902 1026 2943 dumtaxat
1065 2903 1211 2952 primo
1242 2902 1327 2943 BE
1477 2902 1529 2942 21
1566 2901 1736 2942 faciant
1766 2901 1931 2948 Bentl„

242 2960 449 3011 Ernest.,·
480 2961 653 3001 iaciunt
771 2961 829 3002 23
862 2963 973 3003 add.
998 2962 1164 3013 Bentl„
1194 2961 1358 3004 Davis.
