2046 3138
159 442 214 482 67

156 1412 212 1453 68

251 150 355 201 150
674 144 760 190 DE
793 144 1047 192 FINIBUS
1080 144 1229 203 BON.
1262 145 1342 192 ET
1374 145 1526 192 MAL.
1618 151 1785 194 Lib.1V
1802 152 2027 194 e.24-25

247 281 397 332 illam
433 283 729 333 extinctam
767 283 932 346 cupit.
977 282 1205 334 Levatio
1240 283 1409 346 igitur
1436 284 1696 336 vitiorum
1731 298 1934 348 magna

225 355 314 406 -iit
358 356 411 405 in
458 356 540 414 iis,
585 357 678 420 qui
722 356 927 409 habent
964 357 1036 408 ad
1079 358 1340 409 virtutem
1385 358 1794 422 progressionis
1835 358 1934 409 ali-

247 435 529 493 quantum.
592 431 762 482 vestri
817 436 1001 482 autem
1056 433 1502 495 progressionem
1557 432 1629 483 ad
1675 433 1934 485 virtutem

246 503 368 554 fieri
409 505 578 563 aiunt,
620 504 955 556 levationem
995 506 1256 557 vitiorum
1298 506 1421 557 fieri
1455 512 1676 570 negant.
1727 513 1784 557 at
1824 521 1932 570 quo

245 583 470 629 utantur
530 579 783 630 homines
844 580 990 631 acuti
1050 586 1379 644 argumento
1440 581 1512 631 ad
1568 581 1934 644 probandum,
1981 596 2005 630 5

245 666 449 715 operae
474 654 710 716 pretium
737 659 822 705 est
846 654 1212 706 considerare.
1250 669 1498 718 quarum,
1519 655 1711 718 inquit,
1735 656 1934 706 artium

246 741 495 778 summae
533 742 776 780 crescere
816 734 1067 792 possunt,
1103 743 1295 780 earum
1333 730 1500 780 etiam
1535 724 1933 781 contrariorum

247 812 462 853 summa
514 803 716 865 poterit
767 804 984 866 augeri;
1034 803 1107 853 ad
1158 803 1378 855 virtutis
1423 809 1608 854 autem
1661 818 1934 855 summam

245 875 506 927 accedere
541 876 676 927 nihil
715 882 924 940 potest;
958 891 1027 928 ne
1063 878 1199 929 vitia
1230 877 1453 941 quidem
1488 879 1657 942 igitur
1693 891 1934 929 crescere

246 955 519 1012 poterunt,
559 965 701 1014 quae
742 957 870 1003 sunt
904 952 1172 1003 virtutum
1213 952 1500 1003 contraria.
1545 958 1729 1003 utrum
1767 953 1935 1016 igitur
1962 967 2004 1002 10

246 1024 469 1076 tandem
505 1026 886 1089 perspicuisne
922 1026 1092 1077 dubia
1125 1027 1461 1090 aperiuntur,
1496 1040 1567 1076 an
1598 1026 1781 1079 dubiis
1816 1040 1935 1090 per-

246 1099 439 1161 spicua
470 1098 779 1151 tolluntur?
823 1101 975 1163 atqui
1007 1099 1115 1151 hoc
1146 1101 1500 1164 perspicuum
1528 1106 1626 1159 est,
1658 1101 1794 1152 vitia
1825 1100 1935 1151 alia

251 1172 343 1237 [in]
378 1173 502 1224 aliis
534 1187 659 1225 esse
690 1175 916 1233 maiora,
949 1174 1088 1225 illud
1118 1175 1363 1234 dubium,
1395 1175 1464 1225 ad
1500 1175 1572 1233 id,
1603 1175 1752 1238 quod
1787 1189 1934 1226 sum-

244 1261 395 1298 mum
435 1248 642 1299 bonum
685 1248 882 1307 dicitis,
921 1262 1260 1313 ecquaenam
1300 1250 1478 1312 possit
1512 1249 1634 1300 fieri
1673 1250 1934 1301 accessio,

243 1335 346 1372 vos
390 1327 575 1373 autem
602 1337 744 1374 *cum
789 1324 1096 1386 perspicuis
1141 1323 1311 1374 dubia
1350 1324 1599 1374 debeatis
1641 1323 1932 1382 illustrare,
1961 1339 2004 1374 15

246 1395 429 1447 dubiis
455 1397 749 1460 perspicua
773 1398 1050 1448 conamini
1074 1397 1283 1449 tollere.
1319 1398 1505 1460 itaque
1524 1412 1715 1449 rursus
1738 1397 1934 1449 eadem

245 1471 472 1529 ratione,
508 1485 618 1534 qua
653 1486 775 1523 sum
810 1471 979 1534 paulo
1013 1477 1141 1523 ante
1170 1486 1320 1530 usus,
1353 1472 1666 1523 haerebitiS.
1710 1472 1756 1523 si
1787 1472 1931 1523 enim

246 1550 541 1608 propterea
584 1546 721 1596 vitia
767 1545 878 1596 alia
922 1545 1047 1597 aliis
1093 1547 1307 1597 maiora
1345 1560 1456 1597 non
1503 1552 1646 1604 sunt,
1693 1547 1822 1610 quia
1862 1560 1932 1597 ne

244 1619 315 1669 ad
342 1619 513 1670 finem
540 1620 764 1683 quidem
788 1620 1061 1671 bonorum
1088 1634 1231 1679 eum,
1251 1634 1414 1683 quem
1437 1634 1541 1671 vos
1564 1620 1763 1678 facitis,
1786 1621 1934 1684 quic-

245 1707 410 1755 quam
451 1699 634 1756 potest
670 1694 948 1753 accedere,
989 1695 1250 1758 quoniam
1290 1696 1643 1758 perspicuum
1677 1700 1762 1746 est
1797 1695 1934 1746 vitia
1958 1710 2005 1747 ει)

244 1781 354 1819 non
379 1782 502 1819 esse
527 1769 776 1819 omnium
801 1769 972 1833 paria,
999 1768 1131 1820 finis
1144 1769 1424 1820 bonorum
1445 1769 1608 1820 vobis
1631 1769 1933 1820 mutandus

244 1847 341 1893 est.
384 1847 671 1894 teneamus
704 1844 849 1894 enim
881 1843 1019 1893 illud
1050 1857 1277 1894 necesse
1302 1849 1400 1902 est,
1433 1857 1555 1894 cum
1586 1857 1931 1907 consequens

243 1916 470 1980 aliquod
505 1916 710 1967 falsum
748 1917 831 1974 sit,
865 1917 1019 1975 illud,
1054 1918 1209 1967 cuius
1237 1917 1294 1967 id
1327 1930 1672 1980 consequens
1705 1918 1790 1975 sit,
1819 1931 1930 1968 non

246 2004 411 2053 posse
446 2005 569 2043 esse
605 2005 814 2043 verum.

156 2077 225 2125 25
314 2065 472 2121 Quae
516 2071 600 2117 est
644 2066 812 2129 igitur
855 2079 1025 2117 causa
1067 2067 1296 2117 istarum
1336 2066 1759 2129 angustiarum?
1812 2066 1930 2130 glo·
1958 2083 2003 2118 25

246 2140 394 2190 riosa
436 2140 736 2190 ostentatio
784 2140 839 2189 in
883 2140 1272 2191 constituendo
1318 2154 1536 2191 summo
1580 2140 1748 2191 bono,
1809 2154 1930 2192 cum

243 2214 405 2272 enim,
444 2213 594 2276 quod
633 2214 929 2265 honestum
969 2214 1052 2272 sit,
1091 2214 1148 2264 id
1183 2214 1363 2265 solum
1401 2214 1608 2265 bonum
1646 2228 1769 2266 esse
1804 2228 1931 2266 oon-

244 2288 513 2346 firmatur‚
549 2287 762 2339 tollitur
799 2301 929 2339 cura
962 2288 1302 2347 valitudinis,
1341 2288 1629 2352 diligentia
1658 2289 1735 2339 rei
1772 2288 1931 2340 fami-

245 2362 411 2420 liaris,
463 2362 871 2413 administratio
925 2363 1001 2413 rei
1055 2362 1323 2425 publicae,
1376 2363 1514 2414 ordo
1560 2362 1930 2426 gerendorum

320 2497 345 2537 2
371 2498 418 2537 in
442 2496 477 2537 E
502 2509 590 2539 om.
609 2497 795 2539 BRNV
879 2498 905 2538 4
932 2502 977 2538 at
1002 2509 1093 2548 quo
1111 2491 1222 2539 RN²
1246 2510 1274 2538 a
1298 2509 1391 2548 quo
1408 2492 1471 2539 N¹
1495 2499 1554 2538 ad
1579 2498 1705 2548 quod
1727 2497 1860 2538 BEV

245 2556 270 2597 5
297 2559 479 2597 utantur
491 2556 647 2598 Lamb.
675 2556 1060 2598 utunturBENV
1084 2550 1311 2616 utalentur
1335 2554 1497 2607 (tertia
1522 2559 1613 2598 litt.
1639 2559 1795 2598 utrum
1821 2568 1848 2596 a
1871 2569 1933 2598 an

245 2636 274 2664 u
306 2625 372 2665 sit
402 2625 606 2665 discerni
637 2621 818 2675 nequit)
852 2624 889 2665 R
1028 2624 1052 2664 7
1084 2635 1292 2665 summae
1415 2624 1739 2665 contrariorum
1772 2634 1861 2664 om.
1893 2623 1935 2663 N

319 2694 498 2724 summa
543 2694 777 2725 ecrescere
817 2683 900 2724 BE
941 2694 1121 2725 summa
1162 2694 1366 2725 crescere
1405 2683 1443 2724 R
1608 2683 1932 2723 contrariorum

244 2743 400 2783 Lamb.
434 2743 756 2783 contrariarum
793 2742 926 2784 BEV
968 2744 1240 2784 contrarium
1279 2742 1318 2784 R
1471 2742 1524 2784 13
1565 2742 1653 2783 del.
1686 2741 1844 2782 Lamb.

248 2801 301 2841 14
327 2801 425 2842 fieri
449 2803 596 2851 possit
619 2801 701 2842 BE
826 2801 880 2842 16
904 2799 1077 2852 itaque]
1103 2805 1244 2852 atque
1267 2801 1350 2843 BE
1442 2812 1592 2842 rursus
1615 2801 1716 2841 cod.
1735 2799 1932 2850 Gloyav.

244 2871 355 2901 usus
371 2855 624 2902 BERN¹V
656 2861 726 2902 usi
751 2854 815 2901 ΝΕΞ
950 2861 1002 2901 17
1033 2862 1172 2911 paulo
1205 2857 1328 2910 ante]
1359 2873 1406 2912 p.
1426 2865 1514 2910 144,
1530 2863 1681 2900 5-14
1804 2859 1861 2901 23
1886 2860 1934 2900 id

245 2930 538 2969 consequens
579 2917 629 2970 (d
661 2931 716 2962 ex
746 2932 865 2963 corr.
897 2922 981 2962 alt.
1015 2918 1094 2972 m.)
1133 2921 1175 2962 N
1217 2922 1561 2969 inconsequens
1599 2917 1728 2959 BER
1768 2928 1933 2961 conse-

246 2988 394 3029 quens
427 2978 468 3020 V
589 2979 647 3020 25
679 2980 853 3021 illarum
885 2979 970 3021 BE
