2046 3138
0 528 3 566 l

0 567 3 586 ι

86 175 114 226 §
140 175 314 218 32—36
431 132 434 135 >
594 170 678 216 DE
712 169 965 217 FINIBUS
999 169 1148 217 BON.
1183 170 1260 215 ET
1294 169 1447 216 MAL.
1769 175 1870 225 135

177 309 423 359 omnium
474 322 664 359 earum
716 314 812 361 aut
868 323 936 360 ex
987 309 1349 372 plurimarum
1403 314 1457 360 et
1506 308 1873 358 maximarum

174 383 516 446 appetitione
561 383 947 435 concluditur?
1002 389 1063 435 ut
1113 383 1338 434 Phidias
1384 387 1568 446 potest
1615 396 1648 432 a
1692 382 1871 444 primo

176 457 462 508 instituere
504 458 724 521 signum
766 458 933 521 idque
978 457 1260 522 perficere,
1303 462 1486 521 potest
1529 457 1598 507 ab
1639 456 1749 507 alio
1795 457 1874 506 in-

177 531 435 582 choatum
473 533 722 595 accipere
760 538 813 583 et
855 531 1161 591 absolvere,
1199 533 1327 583 huic
1365 537 1450 583 est
1487 531 1761 595 sapientia
1803 531 1873 581 si-

129 606 342 663 5milis;
391 620 502 657 non
551 608 698 657 enim
747 608 872 670 ipsa
921 608 1113 670 genuit
1158 607 1455 665 hominem,
1505 605 1603 657 sed
1657 605 1869 668 accepit

177 694 210 730 a
251 686 451 731 natura
493 681 828 732 inchoatum.
878 682 1020 732 hanc
1062 694 1196 745 ergo
1244 683 1465 732 intuens
1509 680 1673 732 debet
1721 680 1874 730 insti-

175 760 353 806 tutum
395 755 533 805 illud
578 756 736 818 quasi
786 757 1005 819 signum
1048 755 1355 806 absolvere.

249 829 482 885 Qualem
517 831 685 893 igitur
718 830 998 881 hominem
1037 836 1236 881 natura
1269 829 1588 880 inchoavit?
1636 834 1690 880 et
1723 828 1872 892 quod
1905 835 1960 878 35

176 909 260 955 est
293 919 510 963 munuS‚
548 905 697 968 quod
738 919 881 968 opus
918 906 1264 968 sapientiae?
1313 904 1446 967 quid
1479 908 1578 963 est,
1619 903 1769 966 quod
1803 903 1873 954 ab

109 995 153 1030 ιο
176 992 242 1029 ea
275 978 493 1029 absolvi
529 985 583 1030 et
623 979 816 1042 perfici
853 979 1092 1030 debeat?
1141 979 1187 1030 si
1220 985 1304 1030 est
1342 978 1478 1028 nihil
1512 979 1567 1028 in
1605 991 1687 1036 eo,
1722 977 1872 1041 quod

174 1052 577 1115 perficiendum
611 1059 709 1112 est,
744 1059 961 1116 praeter
997 1059 1210 1104 motum
1243 1053 1450 1116 ingenii
1489 1053 1782 1116 quendam,
1815 1052 1871 1102 id

175 1133 259 1178 est
287 1128 573 1186 rationem,
603 1142 829 1179 necesse
863 1134 948 1179 est
975 1129 1105 1179 huic
1135 1127 1390 1179 ultimum
1419 1141 1543 1178 esse
1575 1141 1644 1178 ex
1670 1127 1874 1178 virtute

176 1203 618 1264 agere;,rationis
640 1203 787 1252 enim
810 1202 1078 1265 perfectio
1100 1208 1183 1253 est
1203 1203 1408 1259 virtus;
1432 1203 1479 1252 si
1502 1207 1587 1252 est
1606 1201 1742 1251 nihil
1763 1202 1868 1252 nis—i

177 1290 393 1339 corpus,
433 1291 650 1327 summa
688 1282 847 1328 erunt
889 1276 1010 1327 illa:
1046 1277 1315 1335 valitud0,
1356 1277 1608 1327 vacuitas
1647 1276 1872 1334 doloriS,

109 1369 151 1403 15
174 1350 543 1413 pulchritudo,
593 1357 788 1402 cetera.
856 1365 1003 1402 nunc
1049 1351 1118 1402 de
1166 1351 1407 1402 hominis
1453 1364 1672 1402 summo
1718 1350 1866 1401 bono

174 1426 480 1488 quaeritur:
519 1426 651 1489 quid
690 1426 858 1489 igitur
902 1426 1222 1477 dubitamus
1261 1427 1315 1476 in
1357 1431 1475 1477 tota
1511 1426 1630 1477 eius
1672 1431 1870 1477 natura
1895 1392 1960 1505 ἒξ

177 1513 440 1562 quaerere
482 1500 614 1563 quid
658 1501 728 1551 sit
773 1499 1079 1551 effectum?
1120 1514 1243 1550 cum
1288 1500 1434 1551 enim
1476 1505 1690 1551 constet
1735 1500 1875 1551 inter

176 1587 369 1625 omnes
397 1588 560 1625 omne
586 1574 841 1625 officium
874 1588 1187 1637 munusque
1215 1575 1520 1637 sapientiae
1552 1575 1606 1624 in
1633 1574 1874 1625 hominis

177 1648 325 1699 cultu
361 1662 484 1700 esse
520 1655 866 1712 occupatum,
907 1648 1002 1699 alii
1037 1676 1100 1684 —·
1137 1663 1206 1699 ne
1238 1663 1326 1700 me
1365 1650 1648 1700 existimes
1683 1654 1874 1700 contra

107 1742 151 1777 20
176 1722 392 1774 Stoicos
433 1723 614 1773 solum
656 1723 837 1773 dicere
897 1751 960 1758 —
1014 1737 1109 1774 eas
1154 1724 1455 1774 sententias
1494 1723 1756 1781 afferunt,
1811 1729 1871 1774 ut

176 1811 453 1847 summum
487 1798 695 1848 bonum
731 1799 785 1847 in
825 1811 892 1848 eo
926 1811 1127 1861 genere
1166 1803 1390 1861 ponant,
1425 1797 1575 1861 quod
1616 1799 1686 1850 sit
1718 1803 1873 1849 extra

174 1877 422 1923 nostram
460 1877 808 1934 potestatem,
847 1878 1132 1934 tamquam
1175 1871 1244 1922 de
1282 1873 1526 1923 inanimo
1568 1872 1756 1936 aliquo
1794 1872 1873 1923 lo-

173 1951 426 2008 quantur,
459 1946 553 1996 alii
588 1952 792 2004 contra,
832 1947 989 2009 quasi
1024 1960 1224 2009 corpus
1260 1945 1474 1997 nullum
1507 1947 1578 1999 sit
1613 1947 1869 2006 hominis,

173 2021 249 2071 ita
282 2026 500 2083 praeter
532 2021 778 2070 animum
816 2020 951 2070 nihil
987 2026 1192 2079 curant,
1231 2035 1354 2071 cum
1388 2022 1712 2084 praesertim
1750 2022 1870 2085 ipse

106 2115 150 2150 25
175 2108 395 2157 quoque
436 2096 655 2145 animus
697 2109 808 2145 non
857 2095 1020 2146 inane
1061 2096 1247 2146 nescio
1296 2095 1428 2159 quid
1472 2096 1542 2146 sit
1588 2124 1650 2155 —÷
1692 2110 1870 2159 neque

173 2170 317 2219 enim
350 2169 406 2218 id
440 2183 670 2232 possum
707 2170 1027 2232 intellegere
1059 2198 1136 2227 -‚
1173 2169 1271 2220 sed
1302 2170 1358 2219 in
1394 2170 1637 2233 quodam
1669 2183 1870 2233 genere

175 2244 437 2306 corporis,
478 2249 539 2294 ut
579 2257 648 2294 ne
694 2244 741 2294 is
783 2244 1006 2306 quidem
1051 2244 1254 2295 virtute
1293 2258 1405 2294 una
1451 2250 1742 2295 contentus
1783 2246 1868 2303 sit,

174 2317 270 2368 sed
314 2324 544 2381 appetat
584 2319 919 2369 vacuitatem
970 2318 1196 2369 doloriS.
1250 2333 1415 2381 quam
1462 2319 1534 2370 ob
1575 2333 1690 2370 rem
1738 2320 1869 2370 utri-

174 2406 280 2455 que
320 2392 467 2442 idem
510 2391 736 2450 faciunt,
783 2397 844 2443 ut
886 2393 931 2443 si
977 2393 1194 2443 laevam
1236 2399 1449 2455 partem
1494 2393 1866 2457 neglegerent,

105 2466 458 2517 aodexteram
504 2472 801 2525 tuerentur,
848 2472 944 2518 aut
994 2467 1171 2530 ipsius
1217 2468 1401 2526 animi,
1451 2473 1512 2518 ut
1556 2467 1687 2519 fecit
1737 2467 1869 2518 Eril-

250 2655 269 2695 1
307 2657 432 2696 omni
463 2654 547 2696 BE
699 2656 726 2696 4
758 2657 920 2697 similis
953 2660 1023 2697 est
1053 2658 1284 2707 sapientia
1315 2657 1398 2698 BE
1537 2657 1592 2698 10
1624 2658 1661 2697 si
1695 2660 1764 2698 est
1795 2656 1867 2699 Se.

171 2715 238 2755 sic
264 2711 378 2766 (pro
403 2716 442 2755 si
466 2712 514 2765 ἓ)
540 2714 622 2756 ΒΕ
655 2717 712 2756 sit
737 2710 899 2757 RN¹V
930 2717 968 2757 si
993 2713 1059 2757 N²
1126 2727 1184 2758 eo
1216 2728 1320 2767 qen.
1355 2719 1506 2758 neutr.
1599 2716 1651 2757 12
1678 2714 1752 2766 ex]
1780 2728 1807 2758 e
1831 2717 1869 2758 R

251 2774 303 2815 13
322 2786 460 2824 agere
478 2775 607 2816 BER
631 2776 771 2816 vitam
798 2787 968 2826 augere
993 2776 1084 2817 NV
1153 2778 1190 2817 si
1217 2780 1286 2817 est
1302 2776 1372 2818 Se.
1398 2778 1465 2818 sic
1483 2776 1564 2817 BE
1589 2778 1647 2817 sit
1670 2776 1809 2818 RNV

174 2833 229 2874 14
255 2831 402 2883 erunt]
429 2836 511 2875 erit
528 2834 568 2875 N
598 2836 778 2877 essetV
873 2835 926 2876 15
953 2837 1153 2886 queritur
1177 2837 1303 2878 bono
1321 2836 1403 2877 BE
1479 2837 1616 2887 igitur
1638 2835 1868 2878 BERNV

243 2894 298 2934 22
332 2895 538 2935 inanimo
571 2895 728 2945 aliquo
768 2896 891 2937 Mdv.
934 2898 980 2936 in
1013 2896 1199 2936 animali
1234 2907 1326 2946 quo
1359 2896 1396 2937 B
1430 2898 1477 2936 in
1517 2896 1672 2937 annali
1707 2908 1800 2946 quo
1832 2896 1866 2937 E

173 2953 359 2994 animali
393 2965 486 3004 quo
511 2955 548 2996 R
581 2955 818 2997 inanimali
851 2966 945 3006 quo
977 2956 1019 2996 N
1051 2957 1304 2997 inanimato
1338 2956 1494 3006 aliquo
1519 2956 1560 2998 V
1652 2956 1710 2997 26
1742 2957 1866 3001 enlm

171 3024 264 3057 om.
293 3012 422 3055 BER
544 3014 602 3056 30
634 3016 839 3059 dextram
869 3015 957 3063 RN
