2046 3138
96 611 150 651 65

91 1728 147 1768 66

188 175 258 224 62
541 232 544 234 Α
616 166 701 211 DE
734 163 987 210 FINIBUS
1021 163 1170 211 BON.
1204 163 1282 209 ET
1315 162 1467 210 MAL.
1581 167 1964 209 munem-21
2043 128 2046 134 ⁴

186 307 447 371 Epicurus
481 307 798 370 intellegere
832 305 964 369 quid
999 306 1067 355 sit
1091 305 1314 356 bonum.
1370 305 1557 355 aberat
1582 306 1759 355 omnis
1786 305 1881 356 ἀο-

186 383 280 441 lor,
314 383 407 445 qui
440 383 484 431 si
518 381 752 439 adesset,
785 394 888 430 nec
920 379 1154 430 molliter
1187 380 1344 430 ferret
1369 384 1422 430 et
1446 384 1628 430 tamen
1655 379 1880 429 medicis

186 457 308 519 plus
335 470 501 519 quarn
528 455 872 518 philosophis
900 459 1149 505 uteretur.
1201 453 1350 504 color
1381 455 1648 517 egregiuS,
1674 455 1882 517 integra

184 531 446 589 valitudo,
480 544 697 580 summa
728 530 913 593 gratia,
946 531 1059 579 vita
1092 529 1333 591 denique
1368 528 1609 579 conferta
1631 528 1881 590 volupta-

184 611 298 655 tum
325 606 572 655 omnium
596 606 872 654 varietate.
921 603 1067 653 hunc
1090 617 1192 653 vos
1218 603 1464 660 beatum;
1493 604 1628 653 ratio
1657 603 1878 665 quidem
1926 615 1949 649 5

183 685 364 730 vestra
411 680 488 729 sic
533 681 692 742 cogit.
748 684 804 728 at
849 692 953 741 ego
1002 692 1168 740 quem
1213 678 1340 727 huic
1383 683 1719 739 anteponam
1767 691 1878 728 non

184 754 366 805 audeo
409 754 615 812 dicere;
657 753 802 803 dicet
843 766 941 815 pro
983 766 1072 802 me
1113 753 1234 814 ipsa
1263 753 1433 801 virtus
1477 766 1580 802 nec
1612 752 1881 801 dubitabit

184 830 270 879 isti
294 834 476 879 vestro
504 829 667 879 beato
694 827 764 878 M.
783 826 1053 890 Regulum
1080 831 1430 889 anteponere,
1457 821 1622 888 quern
1642 826 1879 889 quidem,

185 917 309 953 cum
335 917 437 953 sua
461 903 761 961 voluntate,
795 901 945 951 nulla
962 903 1016 951 vi
1037 906 1258 952 coactus
1278 906 1488 963 praeter
1505 901 1687 959 fidem,
1714 915 1880 963 quam

185 978 409 1028 dederat
450 977 609 1036 hosti,
654 991 720 1027 ex
761 978 934 1039 patria
966 975 1357 1038 Karthaginem
1398 977 1720 1034 revertisset,
1765 981 1949 1025 tum10

182 1054 379 1115 ipsum,
421 1066 544 1102 cum
576 1051 778 1115 vigiliis
821 1055 874 1101 et
913 1050 1057 1100 fame
1099 1051 1437 1108 cruciaretur,
1480 1050 1680 1099 clamat
1710 1051 1880 1099 virtus

182 1127 481 1177 beatiorem
507 1127 675 1177 fuisse
694 1139 860 1188 quarn
879 1130 1160 1188 potantem
1187 1127 1241 1174 in
1267 1139 1392 1175 rosa
1409 1125 1686 1175 Thorium.
1736 1124 1881 1174 bella

182 1215 385 1265 magna
418 1206 676 1264 gesserat,
709 1201 793 1250 bis
828 1199 1020 1251 consul
1054 1200 1240 1258 iuerat,
1282 1199 1638 1262 triumpharat
1670 1213 1773 1249 nec
1805 1205 1881 1248 ta-

182 1290 308 1326 men
353 1289 455 1326 sua
497 1275 590 1325 illa
633 1275 914 1338 superiora
954 1279 1065 1324 tam
1110 1287 1314 1337 magna
1354 1288 1535 1336 neque
1575 1278 1686 1324 tarn
1730 1287 1881 1336 prae-

183 1350 325 1400 clara
358 1350 594 1400 ducebat
619 1363 786 1412 quam
820 1349 972 1399 illum
1007 1349 1260 1399 ultimum
1287 1362 1491 1406 casum,
1526 1362 1690 1411 quem
1717 1362 1876 1411 prop-
1903 1359 1946 1393 15

181 1430 259 1475 ter
291 1424 459 1475 fidem
500 1425 976 1486 constantiamque
1018 1428 1347 1485 susceperat,
1390 1424 1483 1485 qui
1517 1423 1678 1473 nobis
1719 1424 1880 1472 mise-

181 1499 363 1549 rabilis
402 1499 617 1549 videtur
658 1498 1024 1556 audientibuS,
1065 1497 1140 1548 illi
1175 1499 1497 1560 perpetienti
1541 1502 1652 1547 erat
1684 1497 1881 1559 volup-

180 1575 359 1624 tarius,
415 1588 527 1624 non
575 1574 721 1623 enim
766 1572 1034 1622 hilaritate
1079 1586 1182 1622 nec
1226 1572 1452 1622 lascivia
1495 1585 1598 1622 nec
1637 1573 1746 1621 risu
1787 1576 1882 1639 aut

180 1649 318 1707 ioco,
360 1650 559 1699 comite
600 1647 850 1706 levitatiS,
892 1661 1060 1709 saepe
1103 1647 1266 1697 etiam
1308 1648 1484 1697 tristes
1530 1646 1782 1696 firmitate
1829 1651 1882 1696 et

181 1723 487 1773 constantia
520 1727 646 1772 sunt
677 1722 838 1772 beati.
895 1726 1139 1784 stuprata
1183 1735 1277 1783 per
1309 1722 1421 1770 vim
1456 1721 1702 1771 Lucretia
1735 1734 1767 1770 a
1798 1735 1877 1770 re·
1901 1731 1946 1766 20

181 1799 263 1860 gis
289 1797 402 1847 filio
429 1801 626 1847 testata
652 1797 784 1846 civis
811 1810 871 1846 se
900 1797 1021 1858 ipsa
1046 1796 1329 1846 interemit.
1387 1796 1475 1845 hic
1501 1795 1659 1846 dolor
1688 1794 1879 1858 populi

180 1870 412 1922 Romani
445 1871 586 1921 duce
628 1875 680 1921 et
719 1875 941 1921 auctore
974 1870 1139 1920 Bruto
1174 1883 1341 1919 causa
1374 1871 1576 1919 civitati
1618 1869 1877 1919 libertatis

180 1945 292 2004 fuit,
326 1946 398 1996 ob
433 1946 663 2008 eiusque
697 1945 938 1994 mulieris
973 1946 1295 1994 memoriam
1330 1945 1504 2006 primo
1531 1957 1678 1994 anno
1714 1948 1767 1994 et
1797 1944 1879 1993 vir

182 2025 234 2069 et
259 2025 411 2082 pater
438 2021 554 2070 eius
582 2019 774 2070 consul
809 2023 890 2069 est
914 2018 1103 2068 factus,
1159 2019 1337 2068 tenuis
1364 2018 1561 2068 Lucius
1586 2017 1878 2081 Verginius

180 2108 434 2157 unusque
480 2094 550 2145 de
595 2093 777 2144 multis
819 2094 1168 2156 sexagesimo
1215 2106 1361 2142 anno
1405 2097 1530 2155 post
1573 2092 1876 2143 libertatem
1901 2103 1947 2137 z

180 2173 455 2231 receptam
473 2169 743 2231 virginem
762 2167 930 2218 filiam
950 2181 1051 2217 sua
1073 2181 1241 2216 manu
1263 2167 1462 2217 occidit
1486 2168 1684 2229 potius,
1710 2180 1875 2229 quam

182 2257 248 2293 ea
278 2242 382 2306 Ap.
410 2241 623 2294 Claudii
656 2242 883 2300 libidini,
918 2243 1011 2304 qui
1037 2247 1151 2292 tum
1179 2246 1292 2292 erat
1316 2255 1533 2292 summo
1559 2236 1757 2305 (cum)
1781 2242 1876 2290 im-

181 2319 349 2379 perio,
384 2317 686 2368 dederetur.

253 2493 280 2533 4
313 2493 525 2535 coniecta
555 2494 840 2543 voluptatum
873 2494 915 2535 V
946 2494 1230 2544 voluptatum
1264 2493 1469 2535 conferta
1499 2493 1582 2534 BE
1733 2493 1759 2533 5
1791 2504 1875 2533 vos

179 2581 314 2623 ABE
345 2557 375 2622 3
407 2582 445 2624 R
475 2594 584 2625 vero
616 2582 658 2623 V
689 2578 750 2624 {56
785 2579 1022 2634 (=vero)
1055 2583 1096 2624 N
1127 2585 1212 2624 sed
1237 2578 1293 2589 Ν
1318 2584 1379 2624 ab
1412 2584 1496 2624 alt.
1533 2594 1657 2623 man.
1691 2584 1738 2623 et
1763 2584 1878 2633 post

180 2653 207 2682 o
233 2653 328 2683 ras.
362 2646 383 2682 1
410 2643 501 2683 litt.
630 2667 633 2671 -
668 2642 695 2682 6
728 2642 865 2692 cogit.
913 2641 974 2683 At
1009 2653 1099 2693 ego
1134 2642 1283 2683 Bentl.
1325 2643 1497 2692 cogitat
1532 2652 1622 2692 ego
1668 2637 1873 2691 (cogitat.

179 2698 290 2752 ego)
431 2701 486 2742 10
518 2704 612 2741 tum
645 2701 796 2751 ipsum
829 2703 943 2742 dett.
984 2713 1089 2743 eum
1123 2702 1274 2751 ipsum
1420 2701 1474 2741 12
1508 2712 1612 2742 rosa
1643 2699 1873 2740 Thorium.

180 2760 301 2802 bella
331 2754 444 2802 vN²
476 2771 594 2801 rosa.
626 2762 768 2801 torius
802 2757 1015 2810 (Thorius
1047 2758 1101 2812 E)
1135 2761 1257 2802 bella
1288 2760 1470 2801 ABER
1501 2762 1548 2801 et
1576 2760 1687 2811 fort.
1719 2753 1784 2799 N1

181 2819 236 2859 14
268 2830 353 2860 sua
395 2820 473 2860 illa
504 2817 757 2870 superiora]
806 2820 883 2860 illa
925 2831 1010 2860 sua
1049 2821 1285 2870 superiora
1323 2819 1406 2860 BE
1449 2820 1526 2859 illa
1569 2819 1804 2869 superiora
1835 2817 1874 2859 R

256 2878 310 2919 17
335 2878 619 2929 voluptarius
645 2875 694 2928 (p
713 2890 767 2920 ex
791 2889 909 2920 corr.
929 2891 1053 2920 man.
1073 2875 1178 2929 alt.)
1203 2879 1244 2919 N
1268 2879 1551 2920 voluntarius
1643 2877 1701 2918 24
1725 2876 1872 2917 factus

180 2940 250 2978 est
273 2937 405 2978 BEV
511 2937 568 2978 26
599 2949 728 2979 suam
754 2938 935 2979 ABER
1041 2938 1098 2978 27
1123 2938 1213 2987 Ap.
1240 2939 1343 2979 edd.
1385 2937 1419 2977 P
1523 2938 1634 2978 add.
1658 2936 1870 2977 Iw.M11e.

178 2995 222 3036 II
246 3008 293 3047 ρ.
321 3001 369 3036 14
400 3008 502 3047 sqq.
