2046 3138
217 129 326 178 200
412 131 414 134 “
642 121 728 167 DE
760 119 1013 168 FINIBUS
1046 120 1196 174 BON.
1230 120 1307 166 ET
1341 120 1494 167 MAL.
1608 126 1757 167 Lib.V
1775 126 1998 168 c.29-31

135 267 191 307 89
222 258 406 310 Stoici.
461 258 594 321 quid
640 259 881 316 interest,
924 259 1030 309 nisi
1076 258 1226 322 quod
1270 272 1376 321 ego
1421 272 1507 310 res
1549 264 1710 310 notas
1755 260 1904 310 notis

134 1111 204 1162 30

126 1182 185 1223 90

216 333 400 383 verbis
426 332 665 395 appello,
694 332 772 383 illi
797 333 1024 384 nomina
1048 346 1196 383 nova
1223 338 1507 397 quaerunt,
1535 333 1734 396 quibus
1752 332 1902 384 idem

219 406 442 457 dicant?
493 407 584 465 ita,
629 420 791 470 quem
834 407 906 457 ad
949 407 1177 458 modum
1221 407 1276 457 in
1320 413 1515 458 senatu
1556 421 1773 470 semper
1817 412 1902 458 est

218 480 434 543 aliquis,
479 481 571 543 qui
618 482 970 543 interpretem
1016 480 1274 544 postulet,
1320 482 1399 531 sic
1442 481 1532 532 isti
1576 481 1737 531 nobis
1779 495 1903 532 curn

221 555 516 617 interprete
548 554 812 606 audiendi
847 560 990 606 sunt.
1032 554 1239 605 bonum
1273 554 1496 618 appello
1530 555 1791 618 quicquid
1825 569 1908 606 se·
1958 569 1980 603 5

220 628 460 678 cundum
507 634 758 679 naturam
806 635 904 686 est,
952 629 1100 691 quod
1149 634 1337 679 contra
1384 628 1606 694 malum,
1653 642 1753 679 nec
1792 642 1899 691 ego

219 702 387 760 solus,
415 703 512 754 sed
540 708 600 754 tu
626 703 806 762 etiam,
834 703 1157 767 Chrysippe‚
1185 704 1239 753 in
1266 703 1406 762 foro,
1429 703 1603 761 domi;
1632 704 1687 754 in
1716 703 1905 754 schola

219 777 442 827 desinis.
485 777 616 840 quid
650 778 822 840 ergo?
863 777 1021 828 aliter
1050 777 1318 836 homineS,
1350 777 1508 829 aliter
1539 777 1904 840 philosophos

216 850 368 913 loqui
405 856 570 914 putas
607 852 902 914 oportere?
950 852 1139 914 quanti
1178 851 1420 915 quidque
1458 852 1527 902 sit
1563 851 1721 902 aliter
1754 851 1901 903 docti

215 930 268 976 et
300 924 522 983 indocti,
559 925 657 976 sed
692 939 814 976 cum
850 927 1155 976 constiterit
1188 927 1328 976 inter
1362 926 1557 976 doctos
1588 926 1777 988 quanti
1812 939 1900 976 res
1939 938 1980 973 10

223 1013 475 1062 quaeque
519 1000 590 1051 sit
636 1029 698 1035 —
743 1001 789 1050 si
833 1000 1085 1051 homines
1131 1006 1330 1058 essent,
1376 1001 1577 1051 usitate
1619 999 1908 1063 loqueren-

223 1078 312 1125 tur
339 1102 419 1133 —,
454 1073 586 1124 dum
618 1088 706 1125 res
737 1080 1010 1133 maneant,
1042 1074 1213 1125 verba
1244 1074 1462 1138 fingant
1488 1074 1755 1125 arbitratu
1791 1088 1908 1125 suo.

286 1146 396 1199 Sed
425 1148 589 1200 venio
621 1148 693 1198 ad
723 1149 1125 1199 inconstantiae
1155 1149 1374 1207 crimen,
1405 1162 1474 1199 ne
1505 1149 1728 1211 saepius
1755 1148 1907 1198 dicas

217 1235 305 1273 me
344 1221 623 1280 aberrare;
667 1237 832 1286 quam
873 1228 933 1274 tu
974 1223 1136 1285 ponis
1178 1223 1232 1273 in
1273 1222 1472 1281 verbiS,
1510 1236 1616 1286 ego
1661 1223 1901 1285 positam

217 1296 271 1346 in
314 1310 371 1347 re
415 1297 696 1359 putabam.
751 1298 796 1347 si
840 1297 975 1348 satis
1018 1298 1120 1348 erit
1161 1296 1268 1348 hoc
1305 1302 1642 1360 perceptum,
1690 1298 1743 1347 in
1790 1310 1900 1359 quo
1932 1310 1974 1345 15

217 1370 501 1422 adiutores
536 1370 753 1422 Stoicos
789 1371 1032 1434 optimos
1066 1371 1351 1429 habemus,
1386 1376 1596 1422 tantam
1631 1371 1744 1421 vim
1780 1384 1903 1421 esse

218 1445 453 1502 virtutis,
499 1450 559 1495 ut
606 1445 806 1503 omnia,
854 1446 900 1496 si
946 1459 1013 1495 ex
1060 1445 1233 1496 altera
1280 1450 1435 1507 parte
1478 1450 1770 1507 ponantur,
1835 1459 1902 1496 ne

218 1524 525 1581 appareant
566 1519 805 1582 quidem,
850 1533 972 1570 cum
1015 1519 1216 1578 omnia,
1275 1533 1416 1582 quae
1474 1518 1552 1569 illi
1610 1518 1903 1570 commoda

215 1598 358 1643 certe
387 1593 576 1644 dicunt
604 1607 727 1645 esse
755 1599 808 1644 et
837 1593 1108 1644 sumenda
1136 1599 1190 1644 et
1217 1593 1475 1656 eligenda
1497 1598 1551 1644 et
1582 1594 1901 1656 praeposita

216 1695 279 1701 —
331 1680 472 1730 quae
525 1667 602 1718 ita
654 1667 944 1726 definiunt,
997 1673 1058 1718 ut
1111 1669 1246 1718 satis
1299 1681 1503 1730 magno
1553 1667 1972 1718 aestimandam

217 1741 325 1792 sint
361 1770 439 1799 —,
477 1740 614 1792 haec
649 1742 817 1804 igitur
854 1756 977 1792 cum
1015 1755 1121 1805 ego
1159 1747 1240 1792 tot
1273 1742 1590 1793 nominibus
1629 1756 1662 1791 a
1700 1740 1900 1792 Stoicis

215 1814 512 1878 appellata,
549 1815 748 1878 partim
786 1816 948 1866 novis
985 1821 1038 1866 et
1075 1816 1485 1874 commenticiiS,
1523 1821 1583 1866 ut
1619 1816 1727 1866 ista
1759 1812 1901 1878 ‘pro-

214 1886 395 1940 ducta'
422 1894 475 1940 et
501 1886 777 1947 ‘reducta',
803 1889 1003 1951 partim
1030 1889 1176 1940 idem
1203 1889 1648 1952 significantibus
1676 1917 1738 1923 —
1770 1889 1902 1952 quid

215 1963 359 2014 enim
396 1963 637 2022 interest,
675 1969 903 2026 expetas
940 1978 1009 2014 an
1045 1963 1261 2026 eligas?
1307 1963 1440 2013 mihi
1478 1963 1700 2026 quidem
1735 1964 1898 2015 etiam

212 2037 415 2088 lautius
464 2037 699 2095 videtur,
750 2037 898 2100 quod
949 2038 1187 2100 eligitur,
1238 2042 1292 2088 et
1338 2037 1410 2088 ad
1461 2037 1610 2100 quod
1665 2037 1969 2088 dilectusz

212 2111 506 2163 adhibetur
545 2140 622 2170 —‚
664 2111 779 2170 sed,
820 2125 943 2162 cum
982 2125 1089 2175 ego
1130 2112 1237 2162 ista
1276 2113 1463 2162 omnia
1499 2112 1646 2163 bona
1689 2112 1895 2170 dixerO,

212 2191 423 2236 tantum
471 2185 638 2237 refert
684 2200 849 2249 quam
894 2199 1098 2249 magna
1144 2186 1338 2244 dicam,
1401 2200 1523 2237 cum
1569 2186 1895 2249 expetenda,

215 2274 379 2322 quam
403 2259 584 2310 valde.
622 2260 706 2310 sin
731 2265 915 2311 autem
940 2273 1041 2311 nec
1064 2260 1375 2322 expetenda
1399 2273 1505 2323 ego
1525 2261 1704 2323 magis
1733 2274 1896 2322 quam

214 2339 273 2384 tu
305 2333 577 2396 eligenda,
611 2347 713 2384 nec
742 2333 838 2383 illa
871 2333 1044 2396 pluris
1078 2334 1425 2384 aestimanda
1458 2347 1578 2397 ego,
1609 2334 1701 2397 qui
1736 2334 1897 2392 bona,

214 2421 378 2470 quam
420 2413 495 2465 tu,
538 2408 810 2470 producta
852 2408 943 2471 qui
986 2407 1253 2471 appellas
1297 2409 1483 2458 omnia
1524 2408 1630 2459 ista
1668 2421 1895 2458 necesse
1922 2421 1969 2456 30

212 2486 296 2532 est
330 2481 613 2532 obscurari
649 2495 750 2532 nec
783 2496 1051 2544 apparere
1086 2487 1140 2533 et
1176 2483 1230 2532 in
1266 2482 1485 2533 virtutis
1518 2487 1799 2545 tamquam
1839 2483 1894 2532 in

285 2654 312 2694 2
345 2654 466 2694 idem
501 2654 655 2695 dicant
685 2653 727 2695 V
759 2653 803 2693 ia
836 2654 990 2694 dicant
1020 2653 1058 2694 R
1090 2654 1167 2694 illa
1199 2654 1434 2703 appellant
1464 2653 1547 2694 ΒΕ
1649 2653 1676 2693 6
1709 2653 1837 2702 quod
1860 2653 1902 2693 V

212 2725 348 2762 quam
381 2713 511 2754 BER
633 2713 658 2753 7
691 2713 818 2754 scola
849 2712 1027 2754 BERV
1152 2712 1201 2752 11
1238 2716 1394 2754 essent
1424 2713 1465 2753 V
1497 2713 1535 2753 si
1567 2712 1604 2753 B
1638 2723 1689 2753 se
1720 2711 1756 2752 E
1787 2714 1834 2753 et
1863 2712 1901 2753 R

211 2769 281 2821 (in
313 2784 405 2823 quo
449 2783 472 2813 s
511 2784 605 2812 non
645 2773 768 2813 satis
811 2773 1032 2822 coynosci
1070 2768 1250 2823 potest)
1427 2771 1480 2812 12
1525 2774 1740 2812 maneant
1783 2772 1899 2812 dett.

213 2834 396 2872 maneat
549 2831 602 2872 13
636 2828 712 2880 ne]
747 2834 795 2871 ut
825 2830 909 2871 BE
1052 2831 1109 2871 25
1142 2831 1318 2871 laucius
1350 2831 1384 2871 E
1415 2831 1582 2871 lautius
1613 2829 1655 2870 V
1686 2830 1831 2870 lacius
1861 2830 1899 2870 B

211 2891 381 2930 latitius
413 2890 450 2931 R
581 2890 639 2931 30
672 2901 808 2940 quam
842 2893 888 2930 tu
922 2890 1144 2940 producta
1176 2891 1253 2940 qui
1286 2889 1495 2939 appellas
1526 2889 1618 2930 RV
1650 2900 1786 2938 quam
1821 2890 1899 2938 qui

213 2959 314 2989 cum
349 2950 514 2998 produt
545 2950 753 2999 appellas
785 2948 868 2989 BE
974 2949 1027 2990 31
1063 2949 1236 2989 virtutis
1269 2949 1339 2990 ed.
1366 2950 1520 3000 princ.
1552 2949 1682 2989 Rom.
1714 2949 1900 2989 virtutes
