<?xml version="1.0" encoding="UTF-8"?>
<!DOCTYPE html PUBLIC "-//W3C//DTD XHTML 1.0 Transitional//EN"
    "http://www.w3.org/TR/xhtml1/DTD/xhtml1-transitional.dtd">
<html xmlns="http://www.w3.org/1999/xhtml" xml:lang="en" lang="en">
 <head>
  <title>
</title>
<meta http-equiv="Content-Type" content="text/html;charset=utf-8" />
  <meta name='ocr-system' content='tesseract 3.04.00' />
  <meta name='ocr-capabilities' content='ocr_page ocr_carea ocr_par ocr_line ocrx_word'/>
</head>
<body>
  <div class='ocr_page' id='page_1' title='image "./p1scriptaquaeman13ciceuoft_0223.png"; bbox 0 0 2046 3138; ppageno 0'>
   <div class='ocr_carea' id='block_1_1' title="bbox 55 138 1843 193">
    <p class='ocr_par' dir='ltr' id='par_1_1' title="bbox 55 138 1843 193">
     <span class='ocr_line' id='line_1_1' title="bbox 55 138 1843 193; baseline 0.007 -11"><span class='ocrx_word' id='word_1_1' title='bbox 55 140 83 191; x_wconf 66' lang='grc' dir='ltr'><strong>ἓ</strong></span> <span class='ocrx_word' id='word_1_2' title='bbox 110 141 287 183; x_wconf 85' lang='grc'><strong>93-96</strong></span> <span class='ocrx_word' id='word_1_3' title='bbox 460 141 462 143; x_wconf 76' lang='grc'><strong>’</strong></span> <span class='ocrx_word' id='word_1_4' title='bbox 565 138 651 184; x_wconf 87' lang='lat' dir='ltr'>DE</span> <span class='ocrx_word' id='word_1_5' title='bbox 683 138 936 186; x_wconf 92' lang='lat' dir='ltr'>FINIBUS</span> <span class='ocrx_word' id='word_1_6' title='bbox 970 138 1120 186; x_wconf 91' lang='lat' dir='ltr'>BON.</span> <span class='ocrx_word' id='word_1_7' title='bbox 1154 138 1232 184; x_wconf 90' lang='lat' dir='ltr'>ET</span> <span class='ocrx_word' id='word_1_8' title='bbox 1265 138 1417 185; x_wconf 85' lang='lat' dir='ltr'>MAL.</span> <span class='ocrx_word' id='word_1_9' title='bbox 1734 142 1843 193; x_wconf 83' lang='lat'>203</span> 
     </span>
    </p>
   </div>
   <div class='ocr_carea' id='block_1_2' title="bbox 146 275 1839 413">
    <p class='ocr_par' dir='ltr' id='par_1_2' title="bbox 146 275 1839 413">
     <span class='ocr_line' id='line_1_2' title="bbox 146 275 1839 341; baseline 0.001 -15"><span class='ocrx_word' id='word_1_10' title='bbox 146 281 359 335; x_wconf 66' lang='lat' dir='ltr'>nostem</span> <span class='ocrx_word' id='word_1_11' title='bbox 401 276 536 327; x_wconf 91' lang='lat' dir='ltr'>nihil</span> <span class='ocrx_word' id='word_1_12' title='bbox 582 276 734 328; x_wconf 92' lang='lat' dir='ltr'>illinc</span> <span class='ocrx_word' id='word_1_13' title='bbox 774 277 883 328; x_wconf 93' lang='lat' dir='ltr'>huc</span> <span class='ocrx_word' id='word_1_14' title='bbox 925 278 1191 340; x_wconf 90' lang='lat' dir='ltr'>pervenit.</span> <span class='ocrx_word' id='word_1_15' title='bbox 1257 276 1503 329; x_wconf 87' lang='lat' dir='ltr'>ostendit</span> <span class='ocrx_word' id='word_1_16' title='bbox 1558 275 1732 341; x_wconf 91' lang='lat' dir='ltr'>pedes</span> <span class='ocrx_word' id='word_1_17' title='bbox 1784 280 1839 327; x_wconf 91' lang='lat' dir='ltr'>et</span> 
     </span>
     <span class='ocr_line' id='line_1_3' title="bbox 147 351 1370 413; baseline 0.001 -12"><span class='ocrx_word' id='word_1_18' title='bbox 147 356 357 413; x_wconf 87' lang='lat' dir='ltr'>pectus.</span> <span class='ocrx_word' id='word_1_19' title='bbox 393 365 459 402; x_wconf 94' lang='lat' dir='ltr'>ac</span> <span class='ocrx_word' id='word_1_20' title='bbox 486 357 670 403; x_wconf 88' lang='lat' dir='ltr'>tamen</span> <span class='ocrx_word' id='word_1_21' title='bbox 696 352 786 403; x_wconf 94' lang='lat' dir='ltr'>hic</span> <span class='ocrx_word' id='word_1_22' title='bbox 810 351 999 403; x_wconf 90' lang='lat' dir='ltr'>mallet</span> <span class='ocrx_word' id='word_1_23' title='bbox 1026 365 1137 402; x_wconf 94' lang='lat' dir='ltr'>non</span> <span class='ocrx_word' id='word_1_24' title='bbox 1167 351 1370 403; x_wconf 91' lang='lat' dir='ltr'>dolere.</span> 
     </span>
    </p>
   </div>
   <div class='ocr_carea' id='block_1_3' title="bbox 1861 384 1931 434">
    <p class='ocr_par' dir='ltr' id='par_1_3' title="bbox 1861 384 1931 434">
     <span class='ocr_line' id='line_1_4' title="bbox 1861 384 1931 434; baseline -0.014 0"><span class='ocrx_word' id='word_1_25' title='bbox 1861 384 1931 434; x_wconf 85' lang='lat'>32</span> 
     </span>
    </p>
   </div>
   <div class='ocr_carea' id='block_1_4' title="bbox 214 424 1931 497">
    <p class='ocr_par' dir='ltr' id='par_1_4' title="bbox 214 424 1931 497">
     <span class='ocr_line' id='line_1_5' title="bbox 214 424 1931 497; baseline -0.001 -21"><span class='ocrx_word' id='word_1_26' title='bbox 214 424 365 476; x_wconf 92' lang='lat' dir='ltr'>Haec</span> <span class='ocrx_word' id='word_1_27' title='bbox 435 426 604 489; x_wconf 84' lang='lat' dir='ltr'>igitur</span> <span class='ocrx_word' id='word_1_28' title='bbox 662 431 747 477; x_wconf 90' lang='lat' dir='ltr'>est</span> <span class='ocrx_word' id='word_1_29' title='bbox 801 431 993 477; x_wconf 91' lang='lat' dir='ltr'>nostra</span> <span class='ocrx_word' id='word_1_30' title='bbox 1050 427 1207 484; x_wconf 87' lang='lat' dir='ltr'>ratio,</span> <span class='ocrx_word' id='word_1_31' title='bbox 1267 440 1408 489; x_wconf 91' lang='lat' dir='ltr'>quae</span> <span class='ocrx_word' id='word_1_32' title='bbox 1466 425 1565 478; x_wconf 91' lang='lat' dir='ltr'>tibi</span> <span class='ocrx_word' id='word_1_33' title='bbox 1618 425 1841 477; x_wconf 90' lang='lat' dir='ltr'>videtur</span> <span class='ocrx_word' id='word_1_34' title='bbox 1875 456 1931 497; x_wconf 84' lang='lat'>95</span> 
     </span>
    </p>
   </div>
   <div class='ocr_carea' id='block_1_5' title="bbox 74 499 1843 2278">
    <p class='ocr_par' dir='ltr' id='par_1_5' title="bbox 148 499 1834 564">
     <span class='ocr_line' id='line_1_6' title="bbox 148 499 1834 564; baseline 0.001 -16"><span class='ocrx_word' id='word_1_35' title='bbox 148 499 483 558; x_wconf 82' lang='lat' dir='ltr'>inconstans,</span> <span class='ocrx_word' id='word_1_36' title='bbox 522 514 646 551; x_wconf 93' lang='lat' dir='ltr'>cum</span> <span class='ocrx_word' id='word_1_37' title='bbox 686 506 912 564; x_wconf 90' lang='lat' dir='ltr'>propter</span> <span class='ocrx_word' id='word_1_38' title='bbox 951 501 1170 551; x_wconf 90' lang='lat' dir='ltr'>virtutis</span> <span class='ocrx_word' id='word_1_39' title='bbox 1210 500 1502 552; x_wconf 91' lang='lat' dir='ltr'>caelestem</span> <span class='ocrx_word' id='word_1_40' title='bbox 1555 499 1834 563; x_wconf 90' lang='lat' dir='ltr'>quandam</span> 
     </span>
    </p>

    <p class='ocr_par' dir='ltr' id='par_1_6' title="bbox 101 574 1841 936">
     <span class='ocr_line' id='line_1_7' title="bbox 101 574 1839 639; baseline 0 -14"><span class='ocrx_word' id='word_1_41' title='bbox 101 591 123 625; x_wconf 88' lang='lat'>5</span> <span class='ocrx_word' id='word_1_42' title='bbox 146 579 201 626; x_wconf 89' lang='lat' dir='ltr'>et</span> <span class='ocrx_word' id='word_1_43' title='bbox 253 574 499 626; x_wconf 90' lang='lat' dir='ltr'>divinam</span> <span class='ocrx_word' id='word_1_44' title='bbox 554 580 876 639; x_wconf 85' lang='lat' dir='ltr'>tantamque</span> <span class='ocrx_word' id='word_1_45' title='bbox 930 576 1343 638; x_wconf 86' lang='lat' dir='ltr'>praestantiam,</span> <span class='ocrx_word' id='word_1_46' title='bbox 1386 580 1461 634; x_wconf 92' lang='lat' dir='ltr'>ut,</span> <span class='ocrx_word' id='word_1_47' title='bbox 1514 575 1609 626; x_wconf 92' lang='lat' dir='ltr'>ubi</span> <span class='ocrx_word' id='word_1_48' title='bbox 1662 575 1839 626; x_wconf 90' lang='lat' dir='ltr'>virtus</span> 
     </span>
     <span class='ocr_line' id='line_1_8' title="bbox 148 646 1839 716; baseline 0.001 -17"><span class='ocrx_word' id='word_1_49' title='bbox 148 648 218 700; x_wconf 89' lang='lat' dir='ltr'>sit</span> <span class='ocrx_word' id='word_1_50' title='bbox 271 662 470 712; x_wconf 91' lang='lat' dir='ltr'>resque</span> <span class='ocrx_word' id='word_1_51' title='bbox 524 663 762 713; x_wconf 86' lang='lat' dir='ltr'>magnae</span> <span class='ocrx_word' id='word_1_52' title='bbox 819 646 943 716; x_wconf 85' lang='lat' dir='ltr'>&lt;et&gt;</span> <span class='ocrx_word' id='word_1_53' title='bbox 998 663 1213 701; x_wconf 90' lang='lat' dir='ltr'>summe</span> <span class='ocrx_word' id='word_1_54' title='bbox 1267 649 1580 702; x_wconf 89' lang='lat' dir='ltr'>laudabiles</span> <span class='ocrx_word' id='word_1_55' title='bbox 1636 650 1839 701; x_wconf 90' lang='lat' dir='ltr'>virtute</span> 
     </span>
     <span class='ocr_line' id='line_1_9' title="bbox 147 724 1836 788; baseline -0.001 -13"><span class='ocrx_word' id='word_1_56' title='bbox 147 729 354 786; x_wconf 86' lang='lat' dir='ltr'>gestae,</span> <span class='ocrx_word' id='word_1_57' title='bbox 385 724 460 774; x_wconf 92' lang='lat' dir='ltr'>ibi</span> <span class='ocrx_word' id='word_1_58' title='bbox 493 737 617 775; x_wconf 89' lang='lat' dir='ltr'>esse</span> <span class='ocrx_word' id='word_1_59' title='bbox 647 724 871 775; x_wconf 91' lang='lat' dir='ltr'>miseria</span> <span class='ocrx_word' id='word_1_60' title='bbox 900 729 956 776; x_wconf 89' lang='lat' dir='ltr'>et</span> <span class='ocrx_word' id='word_1_61' title='bbox 988 738 1254 776; x_wconf 90' lang='lat' dir='ltr'>aerumna</span> <span class='ocrx_word' id='word_1_62' title='bbox 1284 738 1396 776; x_wconf 92' lang='lat' dir='ltr'>non</span> <span class='ocrx_word' id='word_1_63' title='bbox 1426 724 1620 788; x_wconf 89' lang='lat' dir='ltr'>possit,</span> <span class='ocrx_word' id='word_1_64' title='bbox 1654 729 1836 776; x_wconf 92' lang='lat' dir='ltr'>tamen</span> 
     </span>
     <span class='ocr_line' id='line_1_10' title="bbox 147 797 1841 861; baseline 0.001 -14"><span class='ocrx_word' id='word_1_65' title='bbox 147 797 304 849; x_wconf 93' lang='lat' dir='ltr'>labor</span> <span class='ocrx_word' id='word_1_66' title='bbox 326 799 520 861; x_wconf 87' lang='lat' dir='ltr'>possit,</span> <span class='ocrx_word' id='word_1_67' title='bbox 545 799 724 861; x_wconf 88' lang='lat' dir='ltr'>possit</span> <span class='ocrx_word' id='word_1_68' title='bbox 744 798 1016 857; x_wconf 90' lang='lat' dir='ltr'>molestia,</span> <span class='ocrx_word' id='word_1_69' title='bbox 1037 812 1150 850; x_wconf 92' lang='lat' dir='ltr'>non</span> <span class='ocrx_word' id='word_1_70' title='bbox 1176 798 1423 850; x_wconf 91' lang='lat' dir='ltr'>dubitem</span> <span class='ocrx_word' id='word_1_71' title='bbox 1448 798 1628 850; x_wconf 88' lang='lat' dir='ltr'>dicere</span> <span class='ocrx_word' id='word_1_72' title='bbox 1646 812 1841 851; x_wconf 87' lang='lat' dir='ltr'>omnes</span> 
     </span>
     <span class='ocr_line' id='line_1_11' title="bbox 148 872 1839 936; baseline 0.001 -13"><span class='ocrx_word' id='word_1_73' title='bbox 148 872 428 935; x_wconf 90' lang='lat' dir='ltr'>sapientes</span> <span class='ocrx_word' id='word_1_74' title='bbox 465 886 589 924; x_wconf 91' lang='lat' dir='ltr'>esse</span> <span class='ocrx_word' id='word_1_75' title='bbox 629 887 848 936; x_wconf 88' lang='lat' dir='ltr'>semper</span> <span class='ocrx_word' id='word_1_76' title='bbox 884 873 1095 932; x_wconf 85' lang='lat' dir='ltr'>beatOS,</span> <span class='ocrx_word' id='word_1_77' title='bbox 1135 873 1231 924; x_wconf 92' lang='lat' dir='ltr'>sed</span> <span class='ocrx_word' id='word_1_78' title='bbox 1273 879 1457 925; x_wconf 92' lang='lat' dir='ltr'>tamen</span> <span class='ocrx_word' id='word_1_79' title='bbox 1497 873 1619 924; x_wconf 81' lang='lat' dir='ltr'>fieri</span> <span class='ocrx_word' id='word_1_80' title='bbox 1656 886 1839 936; x_wconf 90' lang='lat' dir='ltr'>posse,</span> 
     </span>
    </p>

    <p class='ocr_par' dir='ltr' id='par_1_7' title="bbox 80 947 1840 1234">
     <span class='ocr_line' id='line_1_12' title="bbox 80 947 1839 1011; baseline -0.001 -13"><span class='ocrx_word' id='word_1_81' title='bbox 80 964 122 999; x_wconf 77' lang='grc' dir='ltr'>ιο</span> <span class='ocrx_word' id='word_1_82' title='bbox 147 952 207 999; x_wconf 93' lang='lat' dir='ltr'>ut</span> <span class='ocrx_word' id='word_1_83' title='bbox 237 947 307 998; x_wconf 92' lang='lat' dir='ltr'>sit</span> <span class='ocrx_word' id='word_1_84' title='bbox 339 947 482 998; x_wconf 90' lang='lat' dir='ltr'>alius</span> <span class='ocrx_word' id='word_1_85' title='bbox 513 947 624 998; x_wconf 93' lang='lat' dir='ltr'>alio</span> <span class='ocrx_word' id='word_1_86' title='bbox 655 948 884 999; x_wconf 89' lang='lat' dir='ltr'>beatior.</span> <span class='ocrx_word' id='word_1_87' title='bbox 927 948 1080 1011; x_wconf 90' lang='lat' dir='ltr'>atqui</span> <span class='ocrx_word' id='word_1_88' title='bbox 1112 948 1216 999; x_wconf 89' lang='lat' dir='ltr'>iste</span> <span class='ocrx_word' id='word_1_89' title='bbox 1244 947 1399 999; x_wconf 90' lang='lat' dir='ltr'>locus</span> <span class='ocrx_word' id='word_1_90' title='bbox 1432 953 1531 1006; x_wconf 86' lang='lat' dir='ltr'>est,</span> <span class='ocrx_word' id='word_1_91' title='bbox 1563 947 1708 1006; x_wconf 87' lang='lat' dir='ltr'>Piso,</span> <span class='ocrx_word' id='word_1_92' title='bbox 1739 947 1839 998; x_wconf 93' lang='lat' dir='ltr'>tibi</span> 
     </span>
     <span class='ocr_line' id='line_1_13' title="bbox 145 1021 1838 1086; baseline -0.001 -13"><span class='ocrx_word' id='word_1_93' title='bbox 145 1021 311 1073; x_wconf 87' lang='lat' dir='ltr'>etiam</span> <span class='ocrx_word' id='word_1_94' title='bbox 351 1027 518 1086; x_wconf 92' lang='lat' dir='ltr'>atque</span> <span class='ocrx_word' id='word_1_95' title='bbox 569 1022 735 1074; x_wconf 90' lang='lat' dir='ltr'>etiam</span> <span class='ocrx_word' id='word_1_96' title='bbox 788 1022 1223 1081; x_wconf 82' lang='lat' dir='ltr'>confirmandus,</span> <span class='ocrx_word' id='word_1_97' title='bbox 1274 1023 1526 1085; x_wconf 78' lang='lat' dir='ltr'>inquam:</span> <span class='ocrx_word' id='word_1_98' title='bbox 1578 1036 1740 1085; x_wconf 91' lang='lat' dir='ltr'>quem</span> <span class='ocrx_word' id='word_1_99' title='bbox 1794 1023 1838 1072; x_wconf 91' lang='lat' dir='ltr'>si</span> 
     </span>
     <span class='ocr_line' id='line_1_14' title="bbox 146 1096 1840 1157; baseline 0.001 -11"><span class='ocrx_word' id='word_1_100' title='bbox 146 1096 404 1157; x_wconf 89' lang='lat' dir='ltr'>tenueris,</span> <span class='ocrx_word' id='word_1_101' title='bbox 451 1110 563 1148; x_wconf 94' lang='lat' dir='ltr'>non</span> <span class='ocrx_word' id='word_1_102' title='bbox 603 1096 774 1148; x_wconf 92' lang='lat' dir='ltr'>modo</span> <span class='ocrx_word' id='word_1_103' title='bbox 812 1111 996 1148; x_wconf 90' lang='lat' dir='ltr'>meum</span> <span class='ocrx_word' id='word_1_104' title='bbox 1036 1096 1371 1155; x_wconf 91' lang='lat' dir='ltr'>Ciceronem,</span> <span class='ocrx_word' id='word_1_105' title='bbox 1412 1096 1511 1148; x_wconf 91' lang='lat' dir='ltr'>sed</span> <span class='ocrx_word' id='word_1_106' title='bbox 1550 1097 1717 1148; x_wconf 89' lang='lat' dir='ltr'>etiam</span> <span class='ocrx_word' id='word_1_107' title='bbox 1752 1110 1840 1148; x_wconf 87' lang='lat' dir='ltr'>me</span> 
     </span>
     <span class='ocr_line' id='line_1_15' title="bbox 146 1170 849 1234; baseline 0.003 -13"><span class='ocrx_word' id='word_1_108' title='bbox 146 1170 330 1234; x_wconf 93' lang='lat' dir='ltr'>ipsum</span> <span class='ocrx_word' id='word_1_109' title='bbox 365 1170 613 1222; x_wconf 91' lang='lat' dir='ltr'>abducas</span> <span class='ocrx_word' id='word_1_110' title='bbox 649 1171 849 1223; x_wconf 89' lang='lat' dir='ltr'>licebit.</span> 
     </span>
    </p>

    <p class='ocr_par' dir='ltr' id='par_1_8' title="bbox 210 1244 1840 1310">
     <span class='ocr_line' id='line_1_16' title="bbox 210 1244 1840 1310; baseline 0.001 -15"><span class='ocrx_word' id='word_1_111' title='bbox 210 1244 348 1296; x_wconf 89' lang='lat' dir='ltr'>Tum</span> <span class='ocrx_word' id='word_1_112' title='bbox 382 1244 646 1302; x_wconf 91' lang='lat' dir='ltr'>Quintus:</span> <span class='ocrx_word' id='word_1_113' title='bbox 679 1245 814 1297; x_wconf 93' lang='lat' dir='ltr'>Mihi</span> <span class='ocrx_word' id='word_1_114' title='bbox 846 1245 1085 1310; x_wconf 90' lang='lat' dir='ltr'>quidem,</span> <span class='ocrx_word' id='word_1_115' title='bbox 1116 1246 1308 1310; x_wconf 86' lang='lat' dir='ltr'>inquit,</span> <span class='ocrx_word' id='word_1_116' title='bbox 1341 1246 1476 1297; x_wconf 87' lang='lat' dir='ltr'>satis</span> <span class='ocrx_word' id='word_1_117' title='bbox 1506 1245 1613 1297; x_wconf 92' lang='lat' dir='ltr'>hoc</span> <span class='ocrx_word' id='word_1_118' title='bbox 1638 1244 1840 1297; x_wconf 78' lang='lat' dir='ltr'>confir-</span> 
     </span>
    </p>

    <p class='ocr_par' dir='ltr' id='par_1_9' title="bbox 79 1319 1843 1682">
     <span class='ocr_line' id='line_1_17' title="bbox 79 1319 1840 1384; baseline -0.001 -11"><span class='ocrx_word' id='word_1_119' title='bbox 79 1338 122 1373; x_wconf 90' lang='lat'>15</span> <span class='ocrx_word' id='word_1_120' title='bbox 145 1325 355 1372; x_wconf 91' lang='lat' dir='ltr'>matum</span> <span class='ocrx_word' id='word_1_121' title='bbox 399 1320 635 1379; x_wconf 89' lang='lat' dir='ltr'>videtur,</span> <span class='ocrx_word' id='word_1_122' title='bbox 695 1319 981 1384; x_wconf 90' lang='lat' dir='ltr'>laetorque</span> <span class='ocrx_word' id='word_1_123' title='bbox 1039 1335 1162 1373; x_wconf 92' lang='lat' dir='ltr'>eam</span> <span class='ocrx_word' id='word_1_124' title='bbox 1207 1321 1637 1384; x_wconf 91' lang='lat' dir='ltr'>philosophiam,</span> <span class='ocrx_word' id='word_1_125' title='bbox 1684 1320 1840 1372; x_wconf 90' lang='lat' dir='ltr'>cuius</span> 
     </span>
     <span class='ocr_line' id='line_1_18' title="bbox 146 1394 1843 1459; baseline 0.001 -15"><span class='ocrx_word' id='word_1_126' title='bbox 146 1399 305 1446; x_wconf 89' lang='lat' dir='ltr'>antea</span> <span class='ocrx_word' id='word_1_127' title='bbox 332 1394 731 1458; x_wconf 91' lang='lat' dir='ltr'>supellectilem</span> <span class='ocrx_word' id='word_1_128' title='bbox 757 1394 932 1459; x_wconf 92' lang='lat' dir='ltr'>pluris</span> <span class='ocrx_word' id='word_1_129' title='bbox 954 1395 1318 1447; x_wconf 88' lang='lat' dir='ltr'>aestimabam</span> <span class='ocrx_word' id='word_1_130' title='bbox 1342 1409 1508 1458; x_wconf 90' lang='lat' dir='ltr'>quam</span> <span class='ocrx_word' id='word_1_131' title='bbox 1533 1395 1843 1458; x_wconf 91' lang='lat' dir='ltr'>possessio-</span> 
     </span>
     <span class='ocr_line' id='line_1_19' title="bbox 146 1468 1839 1532; baseline 0 -12"><span class='ocrx_word' id='word_1_132' title='bbox 146 1482 245 1520; x_wconf 91' lang='lat' dir='ltr'>nes</span> <span class='ocrx_word' id='word_1_133' title='bbox 279 1468 615 1532; x_wconf 92' lang='lat' dir='ltr'>reliquarum</span> <span class='ocrx_word' id='word_1_134' title='bbox 654 1498 717 1504; x_wconf 90' lang='lat'>—-</span> <span class='ocrx_word' id='word_1_135' title='bbox 752 1471 828 1521; x_wconf 89' lang='lat' dir='ltr'>ita</span> <span class='ocrx_word' id='word_1_136' title='bbox 863 1469 996 1520; x_wconf 91' lang='lat' dir='ltr'>mihi</span> <span class='ocrx_word' id='word_1_137' title='bbox 1034 1470 1192 1521; x_wconf 91' lang='lat' dir='ltr'>dives</span> <span class='ocrx_word' id='word_1_138' title='bbox 1227 1469 1536 1528; x_wconf 90' lang='lat' dir='ltr'>videbatur,</span> <span class='ocrx_word' id='word_1_139' title='bbox 1569 1474 1630 1521; x_wconf 87' lang='lat' dir='ltr'>ut</span> <span class='ocrx_word' id='word_1_140' title='bbox 1665 1469 1736 1520; x_wconf 91' lang='lat' dir='ltr'>ab</span> <span class='ocrx_word' id='word_1_141' title='bbox 1773 1483 1839 1520; x_wconf 91' lang='lat' dir='ltr'>ea</span> 
     </span>
     <span class='ocr_line' id='line_1_20' title="bbox 147 1544 1842 1608; baseline 0 -13"><span class='ocrx_word' id='word_1_142' title='bbox 147 1548 333 1607; x_wconf 90' lang='lat' dir='ltr'>petere</span> <span class='ocrx_word' id='word_1_143' title='bbox 374 1557 614 1607; x_wconf 90' lang='lat' dir='ltr'>possem,</span> <span class='ocrx_word' id='word_1_144' title='bbox 659 1544 921 1608; x_wconf 92' lang='lat' dir='ltr'>quicquid</span> <span class='ocrx_word' id='word_1_145' title='bbox 962 1545 1018 1594; x_wconf 93' lang='lat' dir='ltr'>in</span> <span class='ocrx_word' id='word_1_146' title='bbox 1061 1544 1260 1595; x_wconf 90' lang='lat' dir='ltr'>studiis</span> <span class='ocrx_word' id='word_1_147' title='bbox 1302 1544 1508 1596; x_wconf 91' lang='lat' dir='ltr'>nostris</span> <span class='ocrx_word' id='word_1_148' title='bbox 1551 1545 1842 1608; x_wconf 89' lang='lat' dir='ltr'>concupis·</span> 
     </span>
     <span class='ocr_line' id='line_1_21' title="bbox 146 1618 1838 1682; baseline 0.001 -13"><span class='ocrx_word' id='word_1_149' title='bbox 146 1632 261 1669; x_wconf 91' lang='lat' dir='ltr'>sem</span> <span class='ocrx_word' id='word_1_150' title='bbox 301 1647 379 1677; x_wconf 84' lang='lat'>—,</span> <span class='ocrx_word' id='word_1_151' title='bbox 419 1618 562 1669; x_wconf 91' lang='lat' dir='ltr'>hanc</span> <span class='ocrx_word' id='word_1_152' title='bbox 598 1619 767 1682; x_wconf 87' lang='lat' dir='ltr'>igitur</span> <span class='ocrx_word' id='word_1_153' title='bbox 804 1618 981 1670; x_wconf 93' lang='lat' dir='ltr'>laetor</span> <span class='ocrx_word' id='word_1_154' title='bbox 1018 1619 1184 1670; x_wconf 92' lang='lat' dir='ltr'>etiam</span> <span class='ocrx_word' id='word_1_155' title='bbox 1223 1619 1527 1670; x_wconf 92' lang='lat' dir='ltr'>acutiorem</span> <span class='ocrx_word' id='word_1_156' title='bbox 1563 1623 1838 1682; x_wconf 89' lang='lat' dir='ltr'>repertam</span> 
     </span>
    </p>

    <p class='ocr_par' dir='ltr' id='par_1_10' title="bbox 77 1692 1596 1756">
     <span class='ocr_line' id='line_1_22' title="bbox 77 1692 1596 1756; baseline -0.002 -9"><span class='ocrx_word' id='word_1_157' title='bbox 77 1712 122 1747; x_wconf 91' lang='lat'>20</span> <span class='ocrx_word' id='word_1_158' title='bbox 146 1706 308 1756; x_wconf 92' lang='lat' dir='ltr'>quam</span> <span class='ocrx_word' id='word_1_159' title='bbox 338 1698 564 1751; x_wconf 88' lang='lat' dir='ltr'>ceteras,</span> <span class='ocrx_word' id='word_1_160' title='bbox 593 1692 743 1756; x_wconf 93' lang='lat' dir='ltr'>quod</span> <span class='ocrx_word' id='word_1_161' title='bbox 771 1693 997 1756; x_wconf 92' lang='lat' dir='ltr'>quidam</span> <span class='ocrx_word' id='word_1_162' title='bbox 1022 1694 1072 1744; x_wconf 91' lang='lat' dir='ltr'>ei</span> <span class='ocrx_word' id='word_1_163' title='bbox 1102 1693 1297 1744; x_wconf 90' lang='lat' dir='ltr'>deesse</span> <span class='ocrx_word' id='word_1_164' title='bbox 1324 1693 1596 1744; x_wconf 91' lang='lat' dir='ltr'>dicebant.</span> 
     </span>
    </p>

    <p class='ocr_par' dir='ltr' id='par_1_11' title="bbox 142 1766 1842 2055">
     <span class='ocr_line' id='line_1_23' title="bbox 212 1766 1839 1831; baseline 0.001 -14"><span class='ocrx_word' id='word_1_165' title='bbox 212 1766 338 1818; x_wconf 90' lang='lat' dir='ltr'>Non</span> <span class='ocrx_word' id='word_1_166' title='bbox 409 1781 575 1831; x_wconf 90' lang='lat' dir='ltr'>quarn</span> <span class='ocrx_word' id='word_1_167' title='bbox 646 1772 895 1819; x_wconf 92' lang='lat' dir='ltr'>nostram</span> <span class='ocrx_word' id='word_1_168' title='bbox 967 1767 1206 1831; x_wconf 92' lang='lat' dir='ltr'>quidem,</span> <span class='ocrx_word' id='word_1_169' title='bbox 1263 1768 1441 1831; x_wconf 92' lang='lat' dir='ltr'>inquit</span> <span class='ocrx_word' id='word_1_170' title='bbox 1496 1767 1839 1831; x_wconf 90' lang='lat' dir='ltr'>Pomponius</span> 
     </span>
     <span class='ocr_line' id='line_1_24' title="bbox 145 1841 1840 1906; baseline 0.001 -14"><span class='ocrx_word' id='word_1_171' title='bbox 145 1842 360 1899; x_wconf 88' lang='lat' dir='ltr'>iocans;</span> <span class='ocrx_word' id='word_1_172' title='bbox 423 1842 521 1892; x_wconf 90' lang='lat' dir='ltr'>sed</span> <span class='ocrx_word' id='word_1_173' title='bbox 589 1841 901 1893; x_wconf 87' lang='lat' dir='ltr'>mehercule</span> <span class='ocrx_word' id='word_1_174' title='bbox 964 1848 1223 1906; x_wconf 87' lang='lat' dir='ltr'>pergrata</span> <span class='ocrx_word' id='word_1_175' title='bbox 1285 1842 1418 1892; x_wconf 91' lang='lat' dir='ltr'>mihi</span> <span class='ocrx_word' id='word_1_176' title='bbox 1481 1843 1661 1893; x_wconf 91' lang='lat' dir='ltr'>oratio</span> <span class='ocrx_word' id='word_1_177' title='bbox 1729 1847 1840 1905; x_wconf 87' lang='lat' dir='ltr'>tua.</span> 
     </span>
     <span class='ocr_line' id='line_1_25' title="bbox 146 1915 1841 1980; baseline 0.001 -14"><span class='ocrx_word' id='word_1_178' title='bbox 146 1929 288 1980; x_wconf 89' lang='lat' dir='ltr'>quae</span> <span class='ocrx_word' id='word_1_179' title='bbox 323 1916 469 1968; x_wconf 90' lang='lat' dir='ltr'>enim</span> <span class='ocrx_word' id='word_1_180' title='bbox 508 1915 615 1967; x_wconf 91' lang='lat' dir='ltr'>dici</span> <span class='ocrx_word' id='word_1_181' title='bbox 651 1915 843 1968; x_wconf 91' lang='lat' dir='ltr'>Latine</span> <span class='ocrx_word' id='word_1_182' title='bbox 880 1930 1047 1979; x_wconf 90' lang='lat' dir='ltr'>posse</span> <span class='ocrx_word' id='word_1_183' title='bbox 1083 1930 1195 1968; x_wconf 92' lang='lat' dir='ltr'>non</span> <span class='ocrx_word' id='word_1_184' title='bbox 1232 1916 1555 1976; x_wconf 90' lang='lat' dir='ltr'>arbitrabar,</span> <span class='ocrx_word' id='word_1_185' title='bbox 1587 1930 1655 1968; x_wconf 93' lang='lat' dir='ltr'>ea</span> <span class='ocrx_word' id='word_1_186' title='bbox 1693 1915 1841 1968; x_wconf 91' lang='lat' dir='ltr'>dicta</span> 
     </span>
     <span class='ocr_line' id='line_1_26' title="bbox 142 1990 1842 2055; baseline 0.002 -14"><span class='ocrx_word' id='word_1_187' title='bbox 142 1996 271 2042; x_wconf 93' lang='lat' dir='ltr'>sunt</span> <span class='ocrx_word' id='word_1_188' title='bbox 294 2005 327 2041; x_wconf 93' lang='lat' dir='ltr'>a</span> <span class='ocrx_word' id='word_1_189' title='bbox 349 1997 402 2042; x_wconf 90' lang='lat' dir='ltr'>te</span> <span class='ocrx_word' id='word_1_190' title='bbox 423 1991 609 2042; x_wconf 91' lang='lat' dir='ltr'>verbis</span> <span class='ocrx_word' id='word_1_191' title='bbox 630 1991 777 2054; x_wconf 92' lang='lat' dir='ltr'>aptis</span> <span class='ocrx_word' id='word_1_192' title='bbox 799 2005 901 2042; x_wconf 93' lang='lat' dir='ltr'>nec</span> <span class='ocrx_word' id='word_1_193' title='bbox 923 1991 1107 2042; x_wconf 92' lang='lat' dir='ltr'>minus</span> <span class='ocrx_word' id='word_1_194' title='bbox 1136 1990 1300 2055; x_wconf 92' lang='lat' dir='ltr'>plane</span> <span class='ocrx_word' id='word_1_195' title='bbox 1329 2005 1495 2054; x_wconf 92' lang='lat' dir='ltr'>quam</span> <span class='ocrx_word' id='word_1_196' title='bbox 1523 1991 1780 2044; x_wconf 89' lang='lat' dir='ltr'>dicuntur</span> <span class='ocrx_word' id='word_1_197' title='bbox 1807 2006 1842 2044; x_wconf 89' lang='lat' dir='ltr'>a</span> 
     </span>
    </p>

    <p class='ocr_par' dir='ltr' id='par_1_12' title="bbox 74 2064 1843 2129">
     <span class='ocr_line' id='line_1_27' title="bbox 74 2064 1843 2129; baseline 0.001 -13"><span class='ocrx_word' id='word_1_198' title='bbox 74 2086 120 2121; x_wconf 86' lang='lat'>25</span> <span class='ocrx_word' id='word_1_199' title='bbox 141 2064 382 2116; x_wconf 85' lang='lat' dir='ltr'>GraeciS.</span> <span class='ocrx_word' id='word_1_200' title='bbox 397 2064 505 2117; x_wconf 93' lang='lat' dir='ltr'>Sed</span> <span class='ocrx_word' id='word_1_201' title='bbox 522 2072 743 2128; x_wconf 91' lang='lat' dir='ltr'>tempus</span> <span class='ocrx_word' id='word_1_202' title='bbox 759 2072 857 2124; x_wconf 89' lang='lat' dir='ltr'>est,</span> <span class='ocrx_word' id='word_1_203' title='bbox 872 2066 917 2116; x_wconf 90' lang='lat' dir='ltr'>si</span> <span class='ocrx_word' id='word_1_204' title='bbox 932 2065 1167 2124; x_wconf 91' lang='lat' dir='ltr'>videtur,</span> <span class='ocrx_word' id='word_1_205' title='bbox 1183 2070 1236 2117; x_wconf 90' lang='lat' dir='ltr'>et</span> <span class='ocrx_word' id='word_1_206' title='bbox 1251 2071 1398 2117; x_wconf 90' lang='lat' dir='ltr'>recta</span> <span class='ocrx_word' id='word_1_207' title='bbox 1413 2066 1636 2129; x_wconf 91' lang='lat' dir='ltr'>quidem</span> <span class='ocrx_word' id='word_1_208' title='bbox 1653 2065 1721 2117; x_wconf 88' lang='lat' dir='ltr'>ad</span> <span class='ocrx_word' id='word_1_209' title='bbox 1739 2079 1843 2117; x_wconf 87' lang='lat' dir='ltr'>me.</span> 
     </span>
    </p>

    <p class='ocr_par' dir='ltr' id='par_1_13' title="bbox 212 2138 1838 2203">
     <span class='ocr_line' id='line_1_28' title="bbox 212 2138 1838 2203; baseline 0.001 -13"><span class='ocrx_word' id='word_1_210' title='bbox 212 2138 375 2196; x_wconf 93' lang='lat' dir='ltr'>Quod</span> <span class='ocrx_word' id='word_1_211' title='bbox 404 2153 527 2190; x_wconf 91' lang='lat' dir='ltr'>cum</span> <span class='ocrx_word' id='word_1_212' title='bbox 555 2139 648 2191; x_wconf 91' lang='lat' dir='ltr'>ille</span> <span class='ocrx_word' id='word_1_213' title='bbox 674 2139 907 2191; x_wconf 88' lang='lat' dir='ltr'>dixisset</span> <span class='ocrx_word' id='word_1_214' title='bbox 931 2145 985 2191; x_wconf 91' lang='lat' dir='ltr'>et</span> <span class='ocrx_word' id='word_1_215' title='bbox 1013 2140 1148 2191; x_wconf 87' lang='lat' dir='ltr'>satis</span> <span class='ocrx_word' id='word_1_216' title='bbox 1175 2139 1520 2203; x_wconf 89' lang='lat' dir='ltr'>disputatum</span> <span class='ocrx_word' id='word_1_217' title='bbox 1541 2139 1838 2201; x_wconf 88' lang='lat' dir='ltr'>videretur,</span> 
     </span>
    </p>

    <p class='ocr_par' dir='ltr' id='par_1_14' title="bbox 145 2213 1613 2278">
     <span class='ocr_line' id='line_1_29' title="bbox 145 2213 1613 2278; baseline 0.001 -14"><span class='ocrx_word' id='word_1_218' title='bbox 145 2215 198 2264; x_wconf 93' lang='lat' dir='ltr'>in</span> <span class='ocrx_word' id='word_1_219' title='bbox 227 2214 499 2278; x_wconf 91' lang='lat' dir='ltr'>oppidum</span> <span class='ocrx_word' id='word_1_220' title='bbox 530 2213 601 2264; x_wconf 92' lang='lat' dir='ltr'>ad</span> <span class='ocrx_word' id='word_1_221' title='bbox 631 2214 999 2277; x_wconf 89' lang='lat' dir='ltr'>Pomponium</span> <span class='ocrx_word' id='word_1_222' title='bbox 1031 2214 1374 2277; x_wconf 88' lang='lat' dir='ltr'>perreximus</span> <span class='ocrx_word' id='word_1_223' title='bbox 1403 2227 1613 2266; x_wconf 90' lang='lat' dir='ltr'>omnes.</span> 
     </span>
    </p>
   </div>
   <div class='ocr_carea' id='block_1_6' title="bbox 139 2385 1842 3037">
    <p class='ocr_par' dir='ltr' id='par_1_15' title="bbox 139 2385 1842 3037">
     <span class='ocr_line' id='line_1_30' title="bbox 215 2385 1842 2439; baseline 0 -10"><span class='ocrx_word' id='word_1_224' title='bbox 215 2388 243 2429; x_wconf 88' lang='grc'><strong>6</strong></span> <span class='ocrx_word' id='word_1_225' title='bbox 276 2390 388 2430; x_wconf 87' lang='lat' dir='ltr'>add.</span> <span class='ocrx_word' id='word_1_226' title='bbox 423 2388 503 2431; x_wconf 78' lang='lat' dir='ltr'>Gz.</span> <span class='ocrx_word' id='word_1_227' title='bbox 536 2385 582 2438; x_wconf 88' lang='lat' dir='ltr'>(e</span> <span class='ocrx_word' id='word_1_228' title='bbox 606 2390 708 2430; x_wconf 87' lang='lat' dir='ltr'>cod.</span> <span class='ocrx_word' id='word_1_229' title='bbox 733 2387 946 2439; x_wconf 85' lang='lat' dir='ltr'>Spirensi</span> <span class='ocrx_word' id='word_1_230' title='bbox 960 2386 1003 2439; x_wconf 71' lang='grc' dir='ltr'>Ρ)</span> <span class='ocrx_word' id='word_1_231' title='bbox 1096 2388 1448 2438; x_wconf 83' lang='lat' dir='ltr'>laudabilesque</span> <span class='ocrx_word' id='word_1_232' title='bbox 1472 2388 1562 2430; x_wconf 99' lang='lat' dir='ltr'>RV</span> <span class='ocrx_word' id='word_1_233' title='bbox 1652 2387 1680 2429; x_wconf 87' lang='lat'><em>8</em></span> <span class='ocrx_word' id='word_1_234' title='bbox 1712 2389 1842 2430; x_wconf 87' lang='lat' dir='ltr'>labor</span> 
     </span>
     <span class='ocr_line' id='line_1_31' title="bbox 142 2447 1842 2499; baseline 0 -11"><span class='ocrx_word' id='word_1_235' title='bbox 142 2449 289 2498; x_wconf 88' lang='lat' dir='ltr'>possit</span> <span class='ocrx_word' id='word_1_236' title='bbox 320 2449 468 2498; x_wconf 84' lang='lat' dir='ltr'>possit</span> <span class='ocrx_word' id='word_1_237' title='bbox 500 2448 711 2489; x_wconf 90' lang='lat' dir='ltr'>molestia</span> <span class='ocrx_word' id='word_1_238' title='bbox 741 2447 826 2489; x_wconf 89' lang='lat' dir='ltr'>BE</span> <span class='ocrx_word' id='word_1_239' title='bbox 871 2448 1002 2489; x_wconf 88' lang='lat' dir='ltr'>labor</span> <span class='ocrx_word' id='word_1_240' title='bbox 1040 2449 1188 2498; x_wconf 89' lang='lat' dir='ltr'>possit</span> <span class='ocrx_word' id='word_1_241' title='bbox 1220 2448 1432 2490; x_wconf 88' lang='lat' dir='ltr'>molestia</span> <span class='ocrx_word' id='word_1_242' title='bbox 1461 2448 1500 2490; x_wconf 87' lang='lat' dir='ltr'>R</span> <span class='ocrx_word' id='word_1_243' title='bbox 1531 2448 1663 2490; x_wconf 89' lang='lat' dir='ltr'>labor</span> <span class='ocrx_word' id='word_1_244' title='bbox 1693 2449 1842 2499; x_wconf 86' lang='lat' dir='ltr'>possit</span> 
     </span>
     <span class='ocr_line' id='line_1_32' title="bbox 140 2507 1840 2559; baseline 0.001 -11"><span class='ocrx_word' id='word_1_245' title='bbox 140 2511 185 2548; x_wconf 90' lang='lat' dir='ltr'>et</span> <span class='ocrx_word' id='word_1_246' title='bbox 218 2508 430 2549; x_wconf 88' lang='lat' dir='ltr'>molestia</span> <span class='ocrx_word' id='word_1_247' title='bbox 461 2508 502 2550; x_wconf 88' lang='lat' dir='ltr'>V</span> <span class='ocrx_word' id='word_1_248' title='bbox 616 2507 644 2548; x_wconf 88' lang='grc'>9</span> <span class='ocrx_word' id='word_1_249' title='bbox 676 2518 860 2558; x_wconf 89' lang='lat' dir='ltr'>semper</span> <span class='ocrx_word' id='word_1_250' title='bbox 891 2519 996 2549; x_wconf 87' lang='lat' dir='ltr'>esse</span> <span class='ocrx_word' id='word_1_251' title='bbox 1027 2507 1111 2549; x_wconf 85' lang='lat' dir='ltr'>BE</span> <span class='ocrx_word' id='word_1_252' title='bbox 1228 2507 1282 2548; x_wconf 89' lang='lat'>15</span> <span class='ocrx_word' id='word_1_253' title='bbox 1314 2508 1552 2559; x_wconf 85' lang='lat' dir='ltr'>laetorque</span> <span class='ocrx_word' id='word_1_254' title='bbox 1584 2519 1687 2550; x_wconf 88' lang='lat' dir='ltr'>eam</span> <span class='ocrx_word' id='word_1_255' title='bbox 1719 2507 1840 2550; x_wconf 81' lang='lat' dir='ltr'>Dav.</span> 
     </span>
     <span class='ocr_line' id='line_1_33' title="bbox 139 2567 1840 2619; baseline 0.001 -12"><span class='ocrx_word' id='word_1_256' title='bbox 139 2567 254 2608; x_wconf 87' lang='lat' dir='ltr'>letor</span> <span class='ocrx_word' id='word_1_257' title='bbox 274 2567 461 2617; x_wconf 88' lang='lat' dir='ltr'>quidem</span> <span class='ocrx_word' id='word_1_258' title='bbox 536 2567 589 2608; x_wconf 92' lang='grc'>17</span> <span class='ocrx_word' id='word_1_259' title='bbox 608 2567 881 2618; x_wconf 86' lang='lat' dir='ltr'>reliquarum</span> <span class='ocrx_word' id='word_1_260' title='bbox 900 2580 1001 2609; x_wconf 84' lang='lat' dir='ltr'>cum</span> <span class='ocrx_word' id='word_1_261' title='bbox 1020 2568 1131 2609; x_wconf 73' lang='lat' dir='ltr'>allis</span> <span class='ocrx_word' id='word_1_262' title='bbox 1146 2567 1298 2617; x_wconf 84' lang='lat' dir='ltr'>Mdv.,·</span> <span class='ocrx_word' id='word_1_263' title='bbox 1315 2567 1591 2618; x_wconf 89' lang='lat' dir='ltr'>reliquorum</span> <span class='ocrx_word' id='word_1_264' title='bbox 1663 2567 1722 2609; x_wconf 90' lang='grc'>20</span> <span class='ocrx_word' id='word_1_265' title='bbox 1740 2568 1840 2619; x_wconf 88' lang='lat' dir='ltr'>qui-</span> 
     </span>
     <span class='ocr_line' id='line_1_34' title="bbox 140 2627 1752 2678; baseline 0.001 -11"><span class='ocrx_word' id='word_1_266' title='bbox 140 2627 245 2668; x_wconf 92' lang='lat' dir='ltr'>dam</span> <span class='ocrx_word' id='word_1_267' title='bbox 277 2627 361 2668; x_wconf 88' lang='lat' dir='ltr'>BE</span> <span class='ocrx_word' id='word_1_268' title='bbox 404 2627 590 2678; x_wconf 86' lang='lat' dir='ltr'>quidem</span> <span class='ocrx_word' id='word_1_269' title='bbox 630 2627 719 2669; x_wconf 87' lang='lat' dir='ltr'>RV</span> <span class='ocrx_word' id='word_1_270' title='bbox 839 2627 892 2668; x_wconf 90' lang='lat'>21</span> <span class='ocrx_word' id='word_1_271' title='bbox 936 2638 1031 2669; x_wconf 90' lang='lat' dir='ltr'>non</span> <span class='ocrx_word' id='word_1_272' title='bbox 1072 2638 1210 2678; x_wconf 82' lang='lat' dir='ltr'>quam</span> <span class='ocrx_word' id='word_1_273' title='bbox 1250 2627 1334 2668; x_wconf 90' lang='lat' dir='ltr'>BE</span> <span class='ocrx_word' id='word_1_274' title='bbox 1372 2639 1624 2678; x_wconf 87' lang='lat' dir='ltr'>numquam</span> <span class='ocrx_word' id='word_1_275' title='bbox 1663 2627 1752 2669; x_wconf 88' lang='lat' dir='ltr'>RV</span> 
     </span>
     <span class='ocr_line' id='line_1_35' title="bbox 140 2686 1840 2738; baseline 0.001 -12"><span class='ocrx_word' id='word_1_276' title='bbox 140 2686 196 2727; x_wconf 88' lang='lat'>22</span> <span class='ocrx_word' id='word_1_277' title='bbox 231 2687 341 2727; x_wconf 88' lang='lat' dir='ltr'>mihi</span> <span class='ocrx_word' id='word_1_278' title='bbox 382 2686 466 2728; x_wconf 81' lang='lat' dir='ltr'>fuit</span> <span class='ocrx_word' id='word_1_279' title='bbox 498 2687 644 2728; x_wconf 88' lang='lat' dir='ltr'>oratio</span> <span class='ocrx_word' id='word_1_280' title='bbox 676 2687 800 2729; x_wconf 84' lang='lat' dir='ltr'>Mdv.</span> <span class='ocrx_word' id='word_1_281' title='bbox 961 2687 1018 2728; x_wconf 87' lang='lat'>24</span> <span class='ocrx_word' id='word_1_282' title='bbox 1049 2687 1202 2728; x_wconf 85' lang='lat' dir='ltr'>verbis</span> <span class='ocrx_word' id='word_1_283' title='bbox 1234 2687 1354 2738; x_wconf 86' lang='lat' dir='ltr'>aptis</span> <span class='ocrx_word' id='word_1_284' title='bbox 1396 2698 1484 2728; x_wconf 87' lang='lat' dir='ltr'>nec</span> <span class='ocrx_word' id='word_1_285' title='bbox 1516 2688 1668 2729; x_wconf 88' lang='lat' dir='ltr'>minus</span> <span class='ocrx_word' id='word_1_286' title='bbox 1700 2687 1840 2738; x_wconf 86' lang='lat' dir='ltr'>plane</span> 
     </span>
     <span class='ocr_line' id='line_1_36' title="bbox 141 2745 1838 2797; baseline 0.001 -11"><span class='ocrx_word' id='word_1_287' title='bbox 141 2757 278 2796; x_wconf 88' lang='lat' dir='ltr'>quam</span> <span class='ocrx_word' id='word_1_288' title='bbox 312 2747 524 2788; x_wconf 87' lang='lat' dir='ltr'>dicuntur</span> <span class='ocrx_word' id='word_1_289' title='bbox 554 2758 582 2787; x_wconf 92' lang='lat' dir='ltr'>a</span> <span class='ocrx_word' id='word_1_290' title='bbox 614 2745 803 2788; x_wconf 87' lang='lat' dir='ltr'>Graecis</span> <span class='ocrx_word' id='word_1_291' title='bbox 834 2746 999 2788; x_wconf 81' lang='lat' dir='ltr'>Schue.</span> <span class='ocrx_word' id='word_1_292' title='bbox 1032 2757 1120 2788; x_wconf 89' lang='lat' dir='ltr'>nec</span> <span class='ocrx_word' id='word_1_293' title='bbox 1160 2747 1311 2788; x_wconf 87' lang='lat' dir='ltr'>minus</span> <span class='ocrx_word' id='word_1_294' title='bbox 1344 2746 1483 2797; x_wconf 87' lang='lat' dir='ltr'>plane</span> <span class='ocrx_word' id='word_1_295' title='bbox 1522 2748 1674 2788; x_wconf 87' lang='lat' dir='ltr'>verbis</span> <span class='ocrx_word' id='word_1_296' title='bbox 1700 2758 1838 2797; x_wconf 88' lang='lat' dir='ltr'>quam</span> 
     </span>
     <span class='ocr_line' id='line_1_37' title="bbox 140 2805 1839 2857; baseline 0.001 -11"><span class='ocrx_word' id='word_1_297' title='bbox 140 2805 350 2847; x_wconf 87' lang='lat' dir='ltr'>dicuntur</span> <span class='ocrx_word' id='word_1_298' title='bbox 381 2818 409 2847; x_wconf 87' lang='lat' dir='ltr'>a</span> <span class='ocrx_word' id='word_1_299' title='bbox 442 2805 629 2847; x_wconf 86' lang='lat' dir='ltr'>Graecis</span> <span class='ocrx_word' id='word_1_300' title='bbox 662 2807 781 2856; x_wconf 88' lang='lat' dir='ltr'>aptis</span> <span class='ocrx_word' id='word_1_301' title='bbox 813 2805 896 2847; x_wconf 89' lang='lat' dir='ltr'>BE</span> <span class='ocrx_word' id='word_1_302' title='bbox 928 2818 1015 2848; x_wconf 90' lang='lat' dir='ltr'>nec</span> <span class='ocrx_word' id='word_1_303' title='bbox 1048 2807 1199 2847; x_wconf 90' lang='lat' dir='ltr'>minus</span> <span class='ocrx_word' id='word_1_304' title='bbox 1232 2807 1371 2857; x_wconf 88' lang='lat' dir='ltr'>plane</span> <span class='ocrx_word' id='word_1_305' title='bbox 1403 2818 1542 2857; x_wconf 87' lang='lat' dir='ltr'>quam</span> <span class='ocrx_word' id='word_1_306' title='bbox 1569 2806 1781 2849; x_wconf 87' lang='lat' dir='ltr'>dicuntur</span> <span class='ocrx_word' id='word_1_307' title='bbox 1812 2819 1839 2848; x_wconf 85' lang='lat' dir='ltr'>a</span> 
     </span>
     <span class='ocr_line' id='line_1_38' title="bbox 141 2862 1838 2920; baseline 0.002 -15"><span class='ocrx_word' id='word_1_308' title='bbox 141 2863 329 2907; x_wconf 86' lang='lat' dir='ltr'>Graecis</span> <span class='ocrx_word' id='word_1_309' title='bbox 360 2866 512 2907; x_wconf 86' lang='lat' dir='ltr'>verbis</span> <span class='ocrx_word' id='word_1_310' title='bbox 544 2866 664 2916; x_wconf 88' lang='lat' dir='ltr'>aptis</span> <span class='ocrx_word' id='word_1_311' title='bbox 695 2865 784 2908; x_wconf 90' lang='lat' dir='ltr'>RV</span> <span class='ocrx_word' id='word_1_312' title='bbox 815 2862 980 2917; x_wconf 82' lang='lat' dir='ltr'>(verba</span> <span class='ocrx_word' id='word_1_313' title='bbox 1011 2867 1163 2908; x_wconf 86' lang='lat' dir='ltr'>verbis</span> <span class='ocrx_word' id='word_1_314' title='bbox 1196 2867 1316 2917; x_wconf 91' lang='lat' dir='ltr'>aptis</span> <span class='ocrx_word' id='word_1_315' title='bbox 1345 2867 1566 2908; x_wconf 79' lang='lat' dir='ltr'>videntur</span> <span class='ocrx_word' id='word_1_316' title='bbox 1590 2868 1838 2920; x_wconf 75' lang='lat' dir='ltr'>adscripta</span> 
     </span>
     <span class='ocr_line' id='line_1_39' title="bbox 139 2924 1837 2980; baseline 0.002 -15"><span class='ocrx_word' id='word_1_317' title='bbox 139 2924 287 2975; x_wconf 77' lang='lat' dir='ltr'>fuisse</span> <span class='ocrx_word' id='word_1_318' title='bbox 319 2926 366 2966; x_wconf 83' lang='lat' dir='ltr'>ln</span> <span class='ocrx_word' id='word_1_319' title='bbox 400 2937 551 2976; x_wconf 77' lang='lat' dir='ltr'>mary.</span> <span class='ocrx_word' id='word_1_320' title='bbox 576 2927 623 2967; x_wconf 83' lang='lat' dir='ltr'>et</span> <span class='ocrx_word' id='word_1_321' title='bbox 654 2926 763 2967; x_wconf 72' lang='lat' dir='ltr'>Inde</span> <span class='ocrx_word' id='word_1_322' title='bbox 794 2926 921 2978; x_wconf 76' lang='lat' dir='ltr'>salso</span> <span class='ocrx_word' id='word_1_323' title='bbox 947 2927 1065 2976; x_wconf 85' lang='lat' dir='ltr'>loco,</span> <span class='ocrx_word' id='word_1_324' title='bbox 1099 2928 1146 2967; x_wconf 90' lang='grc' dir='ltr'>ἱη</span> <span class='ocrx_word' id='word_1_325' title='bbox 1172 2926 1256 2967; x_wconf 89' lang='grc' dir='ltr'>ΒΕ</span> <span class='ocrx_word' id='word_1_326' title='bbox 1282 2929 1534 2980; x_wconf 83' lang='lat' dir='ltr'>praeterea</span> <span class='ocrx_word' id='word_1_327' title='bbox 1559 2927 1837 2980; x_wconf 62' lang='lat' dir='ltr'>separaum,</span> 
     </span>
     <span class='ocr_line' id='line_1_40' title="bbox 140 2982 1103 3037; baseline 0.002 -11"><span class='ocrx_word' id='word_1_328' title='bbox 140 2982 376 3037; x_wconf 79' lang='lat' dir='ltr'>receptae)</span> <span class='ocrx_word' id='word_1_329' title='bbox 499 2985 555 3026; x_wconf 88' lang='lat'>25</span> <span class='ocrx_word' id='word_1_330' title='bbox 589 2986 648 3026; x_wconf 87' lang='lat' dir='ltr'>ad</span> <span class='ocrx_word' id='word_1_331' title='bbox 682 2982 771 3035; x_wconf 91' lang='lat' dir='ltr'>me]</span> <span class='ocrx_word' id='word_1_332' title='bbox 806 2997 834 3026; x_wconf 83' lang='lat' dir='ltr'>a</span> <span class='ocrx_word' id='word_1_333' title='bbox 867 2997 939 3027; x_wconf 90' lang='lat' dir='ltr'>me</span> <span class='ocrx_word' id='word_1_334' title='bbox 970 2986 1103 3028; x_wconf 86' lang='lat' dir='ltr'>ERV</span> 
     </span>
    </p>
   </div>
   <div class='ocr_carea' id='block_1_7' title="bbox 1875 1247 1931 1288">
    <p class='ocr_par' dir='ltr' id='par_1_16' title="bbox 1875 1247 1931 1288">
     <span class='ocr_line' id='line_1_41' title="bbox 1875 1247 1931 1288; baseline 0.018 -1"><span class='ocrx_word' id='word_1_335' title='bbox 1875 1247 1931 1288; x_wconf 88' lang='lat'>96</span> 
     </span>
    </p>
   </div>
  </div>
 </body>
</html>
