2002 3068
68 79 95 130 §
123 78 298 120 43—49
579 72 665 119 DE
697 71 951 119 FINIBUS
985 71 1135 118 BON.
1170 70 1247 116 ET
1281 68 1434 116 MAL.
1784 77 1846 126 21

156 216 344 267 afferat
377 220 430 266 et
463 229 560 266 eos
594 214 751 278 quasi
786 211 1080 264 concordia
1113 211 1353 276 quadam
1381 211 1559 275 placet
1584 225 1649 262 ac
1674 210 1854 262 leniat.

156 291 515 354 temperantia
548 294 629 340 est
663 289 824 347 enim,
857 301 1001 351 quae
1027 288 1081 337 in
1108 287 1270 338 rebus
1295 292 1389 337 aut
1415 285 1736 350 expetendis
1762 291 1855 337 aut

157 364 430 430 fugiendis
463 370 521 415 ut
554 364 819 415 rationem
845 376 1140 426 sequamur
1165 366 1366 413 monet.
1422 375 1525 412 nec
1551 361 1696 412 enim
1723 361 1855 411 satis

157 446 238 492 est
271 439 509 490 iudicare
543 438 675 503 quid
709 436 1019 489 faciendum
1053 451 1166 488 non
1200 436 1585 488 faciendumve
1629 435 1711 495 sit,
1755 435 1854 487 sed

110 532 134 568 5
159 521 300 566 stare
334 515 497 565 etiam
532 518 746 576 oportet
771 513 825 563 in
852 526 936 571 eo,
969 511 1120 575 quod
1145 512 1214 562 sit
1239 511 1552 562 iudicatum.
1608 510 1854 575 plerique

156 595 355 648 autem,
388 588 538 652 quod
573 593 756 639 tenere
789 593 954 651 atque
988 600 1204 637 servare
1237 585 1308 645 id,
1341 585 1492 650 quod
1523 586 1627 649 ipsi
1654 590 1854 636 statue-

156 670 290 723 runt,
324 678 437 715 non
472 668 717 726 possunt,
749 663 877 713 victi
912 667 964 712 et
997 660 1263 711 debilitati
1298 660 1516 712 obiecta
1547 660 1732 724 specie
1757 674 1855 711 vo-

156 739 376 802 luptatis
410 738 628 788 tradunt
660 751 720 787 se
754 736 1072 787 libidinibus
1099 734 1556 800 constringendos
1589 749 1691 785 nec
1721 734 1853 798 quid

156 819 477 865 eventurum
522 813 590 863 sit
634 811 924 875 provident
967 811 1040 862 ob
1087 824 1323 874 eamque
1367 824 1592 860 causam
1638 814 1855 873 propter

91 907 133 942 10
156 889 496 951 voluptatem
532 893 584 938 et
617 901 851 949 parvam
877 891 929 937 et
960 899 1073 937 non
1106 885 1472 936 necessariam
1508 889 1559 935 et
1592 898 1736 948 quae
1765 883 1853 935 vel

156 963 308 1014 aliter
341 967 614 1025 pararetur
648 967 701 1012 et
733 975 843 1024 qua
869 962 1034 1011 etiam
1060 974 1241 1011 carere
1267 965 1495 1023 possent
1519 960 1638 1010 sine
1665 958 1854 1010 dolore

155 1044 269 1088 tum
303 1039 357 1087 in
391 1037 614 1088 morbos
647 1037 844 1100 graviS,
878 1042 991 1086 tum
1026 1035 1080 1086 in
1108 1035 1325 1093 damna,
1359 1039 1473 1085 tum
1500 1035 1555 1084 in
1582 1033 1855 1086 dedecora

156 1114 443 1171 incurrunt,
496 1126 664 1174 saepe
717 1112 880 1161 etiam
933 1110 1119 1174 legum
1172 1109 1610 1173 iudiciorumque
1656 1109 1853 1172 poenis

156 1187 481 1251 obligantur.
538 1184 645 1241 Qui
678 1191 862 1236 autem
896 1186 970 1235 ita
1009 1184 1109 1235 frui
1141 1184 1334 1235 volunt
1366 1183 1758 1247 voluptatibus,
1792 1188 1850 1234 ut
1884 1188 1941 1230 48

90 1280 132 1315 15
156 1261 289 1312 nulli
335 1266 553 1325 propter
598 1275 691 1311 eas
738 1264 1142 1323 consequantur
1186 1259 1420 1318 doloreS,
1466 1264 1519 1309 et
1557 1259 1651 1322 qui
1692 1272 1853 1309 suum

155 1337 415 1388 iudicium
456 1336 700 1394 retinent,
744 1349 814 1385 ne
853 1334 1137 1397 voluptate
1175 1335 1304 1385 victi
1345 1334 1546 1384 faciant
1590 1333 1660 1392 id,
1702 1333 1852 1397 quod

154 1413 390 1463 sentiant
421 1425 533 1462 non
576 1424 698 1461 esse
730 1409 1058 1468 faciendum,
1103 1409 1138 1459 ii
1170 1408 1512 1471 voluptatem
1555 1409 1852 1458 maximam

155 1486 527 1550 adipiscuntur
583 1484 1060 1548 praetermittenda
1114 1483 1414 1547 voluptate.
1485 1482 1632 1534 idem
1688 1483 1852 1534 etiam

155 1561 401 1612 dolorem
435 1574 603 1623 saepe
637 1560 1023 1623 perpetiuntur,
1055 1572 1140 1618 ne,
1174 1559 1219 1609 si
1246 1558 1300 1608 id
1327 1573 1440 1609 non
1474 1558 1688 1618 faciant,
1723 1558 1853 1608 inci-

86 1653 131 1689 20
155 1636 286 1686 dant
318 1637 371 1685 in
405 1636 684 1686 maiorem.
741 1648 807 1684 ex
840 1648 952 1697 quo
986 1633 1315 1697 intellegitur
1346 1647 1450 1684 nec
1490 1634 1855 1696 intemperan-

155 1712 284 1761 tiam
326 1715 544 1773 propter
583 1723 643 1759 se
685 1723 807 1759 esse
840 1707 1159 1772 fugiendam
1200 1709 1731 1772 temperantiamque
1765 1722 1854 1759 ex-

156 1785 465 1849 petendam,
490 1798 603 1835 non
631 1785 761 1847 quia
784 1783 1097 1846 voluptates
1122 1782 1309 1847 fugiat,
1335 1782 1433 1834 sed
1461 1783 1591 1847 quia
1615 1783 1853 1834 maiores

155 1865 535 1924 consequatur.
1880 1897 1899 1944 1
1911 1896 1943 1945 5

230 1935 436 1986 Eadem
478 1933 809 1985 fortitudinis
843 1933 979 1984 ratio
1021 1933 1327 1996 reperietur.
1395 1947 1524 1983 nam
1566 1947 1748 1996 neque
1781 1932 1855 1982 la-
1888 1967 1945 2008 49

86 2027 132 2063 25
156 2011 349 2060 borum
384 2009 684 2072 perfunctio
718 2022 900 2071 neque
934 2009 1215 2070 perpessio
1250 2007 1502 2059 dolorum
1530 2021 1624 2070 per
1649 2021 1708 2058 se
1735 2008 1857 2070 ipsa

156 2084 320 2135 allicit
352 2098 454 2135 nec
488 2084 749 2146 patientia
788 2097 891 2133 nec
930 2082 1224 2133 assiduitas
1264 2096 1367 2133 nec
1397 2082 1620 2147 vigiliae
1653 2096 1756 2133 nec
1789 2096 1856 2133 ea

158 2161 291 2222 ipsa,
318 2173 461 2223 quae
487 2157 752 2216 laudatur,
785 2157 1063 2216 industria,
1095 2171 1165 2208 ne
1191 2157 1447 2209 fortitudo
1483 2156 1723 2221 quidem,
1755 2157 1854 2208 sed

157 2235 259 2284 ista
291 2234 584 2298 sequimur,
618 2238 677 2283 ut
709 2233 827 2283 sine
862 2246 989 2282 cura
1020 2237 1282 2295 metuque
1305 2233 1561 2283 vivamus
1586 2232 1855 2283 animum-

157 2323 264 2372 que
292 2314 343 2359 et
369 2322 581 2371 corpus,
608 2312 873 2371 quantum
893 2306 1107 2358 efficere
1126 2308 1418 2370 possimus,
1444 2306 1698 2359 molestia
1723 2307 1855 2358 libe-

87 2401 133 2437 30
157 2398 353 2434 remus,
408 2388 467 2433 ut
499 2383 645 2433 enim
672 2382 860 2433 mortis
886 2386 1035 2432 metu
1061 2382 1241 2432 omnis
1268 2382 1486 2445 quietae
1509 2382 1656 2433 vitae
1681 2387 1853 2433 status

156 2458 506 2521 perturbatur,
542 2462 594 2508 et
626 2462 683 2507 ut
716 2456 1072 2507 succumbere
1106 2456 1389 2508 doloribus
1417 2471 1627 2520 eosque
1660 2456 1853 2507 humili

154 2534 339 2584 animo
375 2531 745 2596 inbecilloque
779 2531 913 2582 ferre
947 2531 1204 2582 miserum
1240 2536 1335 2591 est,
1378 2532 1449 2583 ob
1492 2545 1728 2596 eamque
1762 2531 1854 2582 de-

155 2607 417 2658 bilitatem
452 2607 619 2657 animi
647 2606 802 2657 multi
830 2611 1097 2669 parentes,
1130 2606 1283 2657 multi
1317 2607 1540 2665 amicos
1573 2620 1686 2658 non
1719 2605 1853 2656 nulli

227 2799 255 2840 9
288 2803 610 2849 proventurum
642 2799 679 2840 R
833 2799 888 2840 10
919 2810 1014 2841 non
1046 2811 1136 2842 om.
1158 2794 1352 2840 >A¹RN¹
1508 2798 1562 2839 17
1595 2799 1627 2839 ii
1658 2792 1775 2840 A¹v
1806 2799 1852 2839 in

155 2857 229 2899 BE
260 2860 307 2900 hi
339 2853 405 2900 Α2
435 2859 499 2900 hii
531 2859 618 2901 RN
785 2859 841 2900 26
874 2859 1167 2901 assiduitates
1199 2858 1342 2900 ANV
1464 2870 1521 2901 ea
1553 2870 1642 2900 om.
1675 2857 1758 2899 BE

156 2917 212 2959 29
245 2920 475 2970 possimus
507 2918 642 2961 AEN
682 2930 928 2971 possumus
1051 2919 1107 2961 33
1141 2919 1342 2969 parentis
1374 2919 1412 2960 R
