2002 3068
132 99 244 147 XIV

138 235 246 281 eius
281 233 454 280 Cicero
496 237 549 279 ut
589 233 906 291 Peripatetici
928 247 983 340 (g

136 297 271 341 deor.
306 293 344 351 (1
372 294 459 352 16).
517 293 630 344 Quo
664 297 895 351 tempore

798 99 1160 146 PRAEFATIO

984 235 1153 283 erfecti
1196 235 1348 280 etiam
1381 234 1432 280 in
1465 234 1602 281 libris
1634 237 1699 282 de
1731 239 1831 282 nat.

988 306 1104 340 cero
1137 294 1291 340 libros
1324 295 1389 339 de
1412 294 1597 341 finibus
1623 296 1831 353 scripsit,

133 355 250 400 Piso
283 365 509 411 quoque,
555 356 608 398 ut
640 353 730 398 reli
769 353 841 406 ui,
883 365 1096 411 quorum
1129 354 1180 398 in
1213 353 1291 398 his
1324 353 1460 399 libris
1493 354 1685 411 primae
1717 360 1833 401 sunt

131 417 314 471 partes,
349 416 453 458 erat
486 415 714 458 mortuus
767 413 824 458 cf.
857 426 904 470 p.
930 412 1015 458 XII
1049 414 1114 458 ad
1146 413 1245 459 Att.
1271 413 1379 458 XIII
1407 414 1475 466 19,
1492 413 1554 471 4).

699 717 904 769 SIGLA
946 716 1265 770 CODICUM

222 836 264 877 A
290 852 345 868 =
370 835 605 877 Palatinus
641 834 770 876 1513.

223 910 260 950 Β
292 927 347 942 =
373 909 609 951 Palatinus
649 909 776 952 1525.

222 986 256 1027 E
289 1002 345 1017 τ-
371 985 665 1036 Erlangensis
698 985 799 1027 847.

1025 835 1064 877 R
1092 851 1147 867 =
1174 803 1593 877 Rottendorfianus.

1029 911 1071 951 N
1096 926 1151 942 =
1177 909 1514 961 Neapolitanus
1546 910 1606 952 IV
1634 910 1674 952 G
1698 910 1769 952 43.

1026 985 1068 1027 V
1092 1002 1148 1017 =
1174 986 1424 1027 Vaticanus
1459 986 1588 1028 1759.

203 1104 253 1145 In
288 1105 459 1146 selecta
491 1105 792 1146 adnotatione
818 1106 971 1146 critica
1004 1105 1214 1146 codicum
1243 1105 1381 1147 lectio
1407 1108 1485 1146 aut
1510 1107 1724 1146 omnibus
1750 1109 1828 1146 aut

130 1166 244 1214 parti
277 1175 434 1206 eorum
475 1166 746 1212 communis,
786 1165 825 1205 si
857 1166 915 1205 ab
950 1175 1022 1212 eo,
1064 1165 1190 1215 quod
1222 1168 1293 1206 est
1323 1169 1572 1216 receptum,
1617 1165 1829 1206 dissentit

130 1225 255 1265 nullo
295 1224 458 1266 codice
505 1224 739 1274 appellato
780 1225 964 1274 ponitur
1011 1227 1118 1275 post
1156 1225 1402 1266 lectionem
1447 1229 1700 1275 receptam
1748 1226 1827 1266 ubi

128 1295 237 1325 vero
285 1284 471 1325 codices
518 1284 829 1334 appellantur,
878 1284 1147 1335 plerumque
1194 1285 1563 1325 dissentientium
1612 1284 1752 1325 modo
1800 1296 1828 1325 a

129 1347 315 1394 recepta
346 1344 546 1384 lectione
578 1344 792 1384 librorum
826 1344 962 1385 lectio
997 1345 1194 1394 ponitur,
1227 1347 1276 1384 ut
1308 1355 1405 1391 eos,
1439 1346 1517 1394 qui
1543 1355 1638 1385 non
1663 1345 1823 1395 appel-

129 1403 297 1450 lantur,
345 1403 591 1444 lectionem
641 1407 872 1453 receptam
921 1404 1093 1444 habere
1140 1404 1444 1454 intellegatur.
1505 1404 1620 1445 Sunt
1659 1407 1827 1451 autem,

129 1464 238 1513 quia
269 1462 311 1503 A
343 1466 389 1504 et
419 1461 461 1502 N
494 1473 589 1503 non
629 1466 736 1504 sunt
767 1464 946 1514 Integri,
987 1464 1076 1504 hoc
1110 1463 1250 1504 modo
1283 1463 1470 1504 codices
1503 1464 1826 1514 intellegendi:

128 1552 321 1593 11—1v
347 1552 402 1593 16
434 1548 512 1602 (cf.
546 1552 605 1593 ad
637 1564 682 1602 p.
713 1552 813 1600 126,
840 1551 916 1604 25)
950 1552 1231 1594 ABERNV

127 1627 188 1668 IV
215 1627 372 1668 16—V
397 1627 453 1667 79
486 1623 564 1678 (cf.
598 1627 657 1668 ad
690 1639 734 1677 p.
763 1627 862 1675 195,
888 1625 935 1679 9)
970 1627 1201 1669 BERNV

127 1701 168 1741 V
192 1701 368 1742 80—96
401 1701 579 1743 BERV

367 1910 749 1963 vEDITIONES
792 1912 877 1962 ET
916 1911 1571 1964 COMMENTATIONES

128 2028 308 2070 Alanus
334 2045 389 2060 =
413 2029 475 2070 M.
493 2029 543 2071 T.
563 2028 654 2071 Cic.
680 2030 739 2071 de
760 2029 932 2071 finibus

158 2089 267 2130 bon.
300 2091 347 2130 et
377 2090 481 2131 mal.
513 2089 558 2131 ll.
583 2088 640 2130 V.
665 2089 772 2130 Rec.
805 2089 930 2130 Hen-

156 2148 274 2189 ricus
307 2147 498 2190 Alanus.
554 2148 760 2189 Dublinii
802 2148 931 2190 1856.

127 2207 314 2249 Ascens.
337 2224 392 2239 =
419 2206 574 2258 Opera
606 2209 932 2259 philosophica

158 2265 406 2308 Ciceronis.
454 2267 789 2308 venundantur
827 2279 929 2309 cum

157 2328 320 2368 ceteris
368 2328 427 2367 ab
474 2326 649 2368 Ioanne
690 2326 838 2368 Parvo
885 2330 931 2369 et

154 2385 327 2427 Iodoco
344 2385 492 2427 Badio
510 2382 779 2437 (Ascensio)
801 2386 929 2428 1511.

125 2446 227 2486 Βαί.
253 2461 309 2476 --
333 2444 395 2486 M.
413 2444 463 2487 T.
482 2444 574 2487 Cic.
600 2456 742 2496 opera
766 2457 824 2487 ex
841 2457 929 2487 rec.

155 2504 194 2546 J.
221 2503 269 2546 C.
296 2503 469 2546 Orellii.
523 2504 605 2546 Ed.
638 2505 714 2546 alt.
738 2506 829 2547 vol.
854 2505 930 2547 1v.

155 2563 304 2605 Turici
332 2564 460 2606 1861.
504 2564 555 2605 In
579 2565 670 2605 hoc
693 2565 783 2606 vol.
810 2576 855 2614 p.
873 2565 928 2605 75

155 2623 323 2665 —2062
348 2623 410 2665 Μ.
434 2623 485 2666 Τ.
511 2622 604 2665 Cic.
630 2623 689 2665 de
713 2624 793 2665 fin.
819 2625 928 2665 bon.

155 2685 202 2724 et
226 2684 329 2725 mal.
355 2683 400 2725 ll.
425 2683 466 2724 V
490 2694 675 2734 recogn.
700 2682 732 2724 1.
752 2682 806 2725 G.
823 2682 927 2723 Bai-

152 2745 290 2784 tetus.

123 2801 226 2843 Bai.
259 2803 331 2843 ed.
356 2804 467 2844 min.
492 2818 548 2834 =
576 2802 744 2843 Baiteri
784 2802 927 2844 editio

153 2860 512 2902 Tauchnitziana
546 2861 674 2904 1863.

123 2920 275 2962 Bentl.
301 2937 356 2952 =
381 2921 442 2962 M.
460 2921 510 2963 T.
529 2920 622 2963 Cic.
641 2920 795 2962 defin.
818 2921 927 2962 bon.

1053 2033 1099 2071 et
1146 2030 1250 2072 mal.
1297 2030 1342 2071 ll.
1375 2029 1416 2070 V
1463 2032 1509 2072 et
1556 2030 1825 2079 paradoxon

1052 2090 1130 2131 lib.
1177 2100 1312 2130 unus.
1374 2089 1566 2130 Emend.
1609 2090 1826 2140 notisque

1052 2150 1209 2190 illustr.
1234 2149 1436 2190 Thomas
1461 2148 1670 2201 Bentley.
1707 2147 1824 2190 Can-

1052 2208 1276 2260 tabrigiae
1311 2208 1438 2250 1718.

1021 2268 1211 2309 RBentl.
1236 2284 1292 2299 =
1317 2267 1379 2309 M.
1396 2267 1447 2309 T.
1465 2266 1558 2309 Cic.
1580 2267 1824 2310 Tusculan.

1053 2329 1377 2378 quaestionum
1410 2327 1454 2368 11.
1479 2327 1520 2368 V
1552 2338 1611 2369 ex
1641 2339 1730 2369 rec.
1759 2327 1824 2369 10.

1051 2387 1243 2428 Davisii.
1291 2386 1442 2428 Editio
1467 2386 1542 2428 IV.
1584 2386 1826 2429 Accedunt

1052 2446 1173 2488 Rich.
1213 2446 1410 2488 Bentleii
1457 2447 1823 2488 emendationes.

1053 2505 1374 2556 Cantabrigiae
1409 2505 1537 2547 1738.

1019 2565 1297 2607 Bodc.=M.
1322 2565 1372 2607 T.
1398 2564 1491 2607 Cic.
1523 2566 1583 2607 de
1609 2565 1688 2607 tin.
1714 2566 1822 2607 bon.

1050 2628 1096 2666 et
1128 2625 1231 2666 mal.
1257 2625 1300 2666 11.
1326 2625 1380 2666 V.
1413 2624 1584 2665 Erklart
1614 2635 1706 2666 von
1730 2625 1821 2665 Da-

1049 2685 1213 2734 gobert
1242 2684 1452 2726 Boeckel.
1493 2683 1644 2725 Erstes
1668 2683 1821 2724 Band-

1051 2745 1184 2786 chen:
1208 2743 1331 2784 Buch
1348 2743 1366 2784 1
1383 2755 1427 2784 u.
1445 2742 1497 2784 11.
1521 2743 1674 2784 BerIIn
1694 2743 1821 2784 1872.

1019 2803 1168 2845 Brem.
1194 2820 1250 2835 =
1266 2803 1327 2845 M.
1344 2802 1394 2844 T.
1413 2801 1505 2844 Cic.
1531 2803 1591 2844 de
1615 2802 1694 2844 iin.
1712 2803 1821 2844 bon.

1050 2865 1097 2902 et
1136 2863 1239 2904 mal.
1265 2863 1309 2903 ll.
1334 2862 1375 2903 V
1413 2872 1472 2903 ex
1510 2872 1599 2904 rec.
1631 2865 1678 2902 et
1717 2873 1820 2903 cum

1050 2923 1172 2962 notis
1197 2922 1260 2963 Io.
1278 2921 1416 2963 Henr.
1433 2920 1615 2962 Bremii.
1639 2921 1768 2962 Tom.
1788 2921 1819 2963 I.
