2046 3138
212 126 284 175 30
636 119 722 164 DE
755 117 1008 164 FINIBUS
1041 116 1191 164 BON.
1225 118 1304 163 ET
1336 119 1489 166 MAL.
1610 125 1998 169 munem-3³

211 259 362 309 nulla
399 260 613 310 veriora
652 260 759 309 sint
797 272 965 322 quam
997 263 1178 309 vestra
1210 259 1487 322 dogmata.
1549 261 1718 324 vulgo
1761 264 1907 312 enim

213 334 425 384 dicitur:
470 328 713 383 ‘Iucundi
755 334 859 383 acti
901 329 1153 392 labores',
1193 347 1296 384 nec
1335 333 1480 385 male
1519 334 1803 397 Euripides
1838 361 1908 369 -—

213 407 554 466 concludam,
588 409 632 458 si
659 413 865 470 potero,
898 407 1110 466 Latine;
1144 406 1414 458 Graecum
1441 410 1586 459 enim
1622 409 1769 460 hunc
1792 424 1909 461 ver-

214 496 335 531 sum
361 483 535 532 nostis
554 496 749 532 omnes
767 499 858 532 —:
888 477 1106 532 ‘Suavis
1127 481 1378 533 laborum
1397 488 1479 533 est
1497 485 1907 545 praeteritorum

214 551 511 607 memoria?
569 555 679 607 Sed
713 557 783 606 ad
816 556 965 607 bona
1006 558 1294 619 praeterita
1324 557 1630 608 redeamus.
1686 572 1831 621 quae
1863 560 1908 608 si
1954 571 1978 606 5

213 644 247 680 a
277 631 438 681 vobis
471 630 601 681 talia
633 631 952 689 dicerentur,
988 631 1243 693 qualibus
1278 629 1441 682 Caius
1467 631 1671 682 Marius
1704 634 1780 682 uti
1815 647 1911 695 po-

214 709 363 763 terat,
395 710 455 755 ut
489 705 764 768 expulsuS,
798 719 983 768 egenS,
1016 707 1071 754 in
1106 705 1309 768 palude
1343 705 1626 757 demersus
1660 712 1911 769 tropaeo·

213 793 332 829 rum
346 780 724 830 recordatione
738 779 943 830 levaret
961 779 1209 831 dolorem
1224 794 1400 839 suum,
1420 780 1665 831 audirem
1682 786 1734 831 et
1748 781 1911 843 plane

215 853 517 916 probarem.
565 868 668 904 nec
702 855 848 905 enim
874 854 1089 905 absolvi
1115 854 1278 904 beata
1301 855 1416 904 vita
1440 857 1703 918 sapientis
1729 870 1911 918 neque

216 928 286 978 ad
320 929 523 978 exitum
557 929 780 991 perduci
822 930 1031 991 poterit,
1076 930 1121 978 si
1155 930 1329 991 prima
1369 943 1625 992 quaeque
1665 930 1808 980 bene
1840 930 1910 980 ab
1937 941 1982 977 10

127 1008 212 1050 106
239 1016 306 1053 eo
333 1002 585 1053 consulta
602 1007 767 1066 atque
792 1003 934 1053 facta
957 1004 1129 1065 ipsius
1156 1003 1437 1054 oblivione
1463 1004 1772 1054 obruentur.
1812 1005 1911 1054 sed

214 1077 375 1127 vobis
393 1077 738 1140 voluptatum
765 1082 1141 1140 perceptarum
1168 1078 1470 1128 recordatio
1496 1080 1666 1128 vitam
1692 1078 1911 1129 beatam

215 1151 354 1210 facit,
381 1156 434 1202 et
458 1151 682 1214 quidem
709 1165 935 1214 corpore
961 1157 1352 1214 perceptarum.
1392 1166 1522 1202 nam
1547 1154 1593 1202 si
1618 1166 1762 1215 quae
1786 1158 1913 1202 sunt

216 1225 371 1284 aliae,
397 1225 594 1276 falsum
622 1231 703 1276 est
729 1228 907 1277 omnis
933 1227 1102 1276 animi
1126 1227 1440 1288 voluptates
1467 1241 1589 1277 esse
1615 1241 1645 1277 e
1671 1229 1912 1290 corporis

215 1301 491 1351 societate.
555 1302 796 1362 corporis
829 1305 1014 1351 autem
1046 1300 1304 1363 voluptas
1349 1303 1394 1351 si
1428 1303 1592 1351 etiam
1626 1303 1913 1364 praeterita
1939 1313 1982 1348 15

216 1374 462 1433 delectat,
494 1389 607 1425 non
632 1374 908 1438 intellego,
942 1389 1034 1425 cur
1049 1374 1370 1426 Aristoteles
1397 1374 1776 1438 Sardanapalli
1802 1377 1914 1438 epi-

214 1461 462 1511 gramma
492 1454 777 1511 tantopere
810 1449 1069 1508 derideat,
1102 1451 1157 1499 in
1191 1463 1302 1512 quo
1336 1449 1426 1500 ille
1459 1463 1551 1500 rex
1578 1449 1765 1513 Syriae
1797 1450 1914 1513 glo-

214 1524 376 1573 rietur
407 1537 467 1574 se
501 1525 680 1574 omnis
713 1537 901 1574 secum
934 1524 1224 1574 libidinum
1256 1524 1569 1586 voluptates
1603 1524 1911 1574 abstulisse.

217 1595 403 1652 Quod
438 1599 605 1648 enim
631 1612 709 1648 ne
733 1599 923 1648 vivus
950 1598 1239 1661 quidem,
1273 1599 1462 1660 inquit,
1496 1598 1744 1649 diutius
1771 1613 1913 1649 sen-

215 1673 335 1722 tire
383 1677 660 1734 poterat,
710 1686 906 1735 quam
949 1673 1096 1722 dum
1145 1672 1503 1731 fruebatur,
1553 1687 1677 1735 quo
1719 1673 1912 1724 modo
1937 1684 1983 1720 20

217 1746 279 1795 id
313 1748 527 1808 potuit
552 1751 808 1798 mortuo
835 1749 1251 1809 permanere?
1285 1747 1456 1797 effluit
1480 1747 1914 1810 igiturvoluptas

216 1821 456 1882 corporis
506 1826 559 1870 et
606 1822 780 1883 prima
828 1835 1083 1884 quaeque
1131 1821 1316 1871 avolat
1367 1823 1703 1883 saepiusque
1757 1821 1915 1871 relin-

217 1896 333 1956 quit
371 1908 595 1944 causam
630 1895 945 1957 paenitendi
980 1908 1145 1958 quam
1179 1894 1515 1945 recordandi.
1571 1896 1756 1957 itaque
1788 1895 1915 1945 bea-

216 1970 318 2019 tior
349 1967 634 2019 Africanus
675 1983 799 2018 cum
834 1970 1007 2031 patria
1039 1969 1132 2020 illo
1166 1969 1335 2020 modo
1377 1969 1635 2032 loquens:
1672 1965 1914 2027 ‘Desine',

216 2041 404 2101 Roma,
456 2048 580 2093 tuos
629 2038 835 2094 hostes'
887 2042 1208 2106 reliquaque
1257 2043 1556 2105 praeclare:
1609 2038 1769 2093 ‘Nam
1817 2044 1913 2093 tibi
1937 2054 1984 2089 25

292 2234 319 2274 2
351 2235 539 2275 iocundi
570 2235 613 2276 V
651 2235 852 2276 iucunde
884 2234 926 2275 A
966 2235 1167 2276 iocunde
1199 2235 1384 2276 BERN
1536 2235 1563 2275 4
1596 2235 1816 2276 memoria
1847 2237 1917 2275 est

218 2294 561 2343 praeteritorum
586 2293 669 2334 BE
772 2294 799 2334 6
833 2291 987 2343 Caius]
1021 2296 1176 2344 graius
1199 2294 1236 2334 B
1269 2295 1422 2344 gravis
1446 2294 1480 2334 E
1587 2294 1636 2334 11
1667 2295 1917 2335 obruentur

218 2354 332 2394 dett.
361 2354 658 2394 obruerentur
763 2353 818 2394 14
850 2355 991 2394 animi
1023 2351 1303 2403 voluptates]
1336 2354 1551 2403 voluptas
1584 2354 1725 2393 animi
1758 2353 1842 2393 BE

216 2423 246 2452 e
270 2422 359 2452 om.
378 2406 585 2453 A¹BEN
678 2412 732 2452 17
757 2416 886 2454 tanto
912 2423 1054 2463 opere
1078 2412 1117 2453 B
1149 2416 1277 2453 tanta
1301 2423 1443 2462 opere
1467 2412 1506 2454 R
1594 2412 1648 2452 18
1681 2423 1733 2453 se
1766 2413 1916 2452 omnis

218 2470 259 2511 N
290 2482 341 2511 se
366 2481 530 2512 omnes
553 2471 687 2513 BEV
718 2473 869 2513 omnis
893 2471 936 2512 A
967 2483 1019 2513 se
1052 2483 1216 2513 causas
1248 2472 1286 2513 R
1403 2472 1650 2512 abstulisse
1674 2472 1915 2511 libidinum

217 2529 478 2579 voluptates
502 2529 584 2571 BE
676 2530 727 2570 21
758 2534 935 2572 mortuo
962 2532 1111 2580 potuit
1134 2530 1217 2571 BE
1301 2531 1447 2572 effluit
1471 2530 1541 2572 Se.
1576 2527 1651 2582 (cf.
1682 2543 1730 2581 p.
1758 2534 1820 2580 18,
1842 2534 1917 2579 19,-

221 2593 282 2638 79,
306 2593 384 2638 23:
417 2590 539 2630 inter
562 2601 589 2630 e
621 2592 668 2630 et
698 2590 714 2629 f
745 2591 918 2631 excidit
941 2588 1028 2640 ef);
1061 2590 1161 2630 fluit
1185 2590 1393 2637 ARNV;
1427 2592 1475 2631 in
1499 2589 1537 2630 B
1571 2592 1618 2630 et
1647 2589 1683 2630 E
1711 2601 1801 2640 pro
1826 2590 1917 2630 hac

218 2659 328 2689 voce
359 2651 683 2700 compendium
717 2652 800 2702 est,
833 2651 962 2700 quod
993 2651 1041 2690 in
1073 2649 1108 2690 E
1139 2651 1272 2701 apud
1294 2650 1418 2691 Mdv.
1451 2651 1657 2690 sumitur
1684 2660 1774 2700 pro
1815 2651 1917 2694 etc„

219 2709 386 2748 deinde
426 2709 474 2764 in
507 2711 706 2759 utroque
738 2710 839 2749 cod.
873 2710 1035 2750 littera
1063 2711 1222 2759 prima
1255 2710 1303 2749 in
1345 2710 1481 2759 igitur
1509 2710 1655 2750 solito
1688 2709 1842 2748 maior
1873 2710 1919 2748 et

220 2768 364 2807 rubro
411 2769 566 2808 colore
613 2770 839 2816 exarata:
887 2769 934 2808 in
982 2767 1016 2807 E
1061 2771 1310 2819 praeterea
1348 2769 1509 2819 spatio
1557 2769 1719 2808 relicto
1767 2777 1917 2807 novus

216 2837 381 2866 versus
414 2828 581 2877 incipit
729 2827 785 2868 23
819 2827 1058 2876 penitendi
1207 2827 1264 2868 25
1296 2825 1414 2867 Nam
1446 2827 1482 2867 E
1513 2837 1716 2876 namque
1749 2821 1918 2876 (fuitne

221 2885 466 2933 praeclare,
498 2897 604 2926 nam
630 2885 763 2932 Quae
794 2886 877 2926 tibi
911 2917 920 2926 .
942 2917 951 2926 .
971 2917 981 2926 .
1014 2886 1258 2927 laboresl?
1293 2887 1340 2926 in
1373 2897 1466 2936 quo
1502 2887 1718 2926 dubitari
1745 2886 1917 2935 possit,

213 2945 378 2986 utrum
413 2944 625 2985 Ciceroni
656 2957 718 2986 an
750 2945 902 2986 Ennio
936 2947 1234 2986 tribuendum
1267 2947 1333 2987 sit
1368 2946 1488 2986 illud
1520 2942 1649 2994 nam)
