2002 3068
84 774 139 814 23

77 1892 132 1932 24

186 114 251 163 10
604 104 690 150 DE
722 102 975 150 Fmfflus
1008 102 1158 150 BON.
1191 103 1269 150 ET
1303 104 1454 151 MAL.
1647 109 1954 151 mmm-s

180 247 311 297 mihi
346 246 570 310 quidem
602 244 829 303 videtur,
863 244 1082 295 inermis
1115 258 1180 295 ac
1211 244 1392 295 nudus
1426 251 1520 296 est.
1567 245 1705 296 tollit
1737 245 1868 297 deii-

179 322 430 380 nitioneS,
469 319 604 370 nihil
645 319 715 371 de
758 318 1058 370 dividendo
1103 332 1168 369 ac
1208 319 1491 382 partiendo
1537 319 1712 380 docet,
1753 335 1866 372 non

179 410 289 459 quo
334 394 502 446 modo
549 394 810 445 efficiatur
850 393 1313 457 concludaturque
1353 395 1487 446 ratio
1528 394 1708 454 tradit,
1754 409 1866 446 non

178 461 286 533 qua
310 471 404 520 via
429 470 676 532 captiosa
693 468 974 520 solvantur
992 468 1253 532 ambigua
1271 468 1671 532 distinguantur
1688 474 1866 520 osten-

175 544 273 603 dit;
315 543 517 594 iudicia
556 557 732 594 rerum
774 543 828 592 in
869 543 1124 593 sensibus
1158 544 1334 606 ponit,
1376 543 1576 606 quibus
1617 545 1662 593 si
1695 545 1865 595 semel
1910 556 1935 591 5

176 618 383 682 aliquid
408 617 530 669 falsi
556 632 652 680 pro
678 631 809 668 vero
837 617 1126 680 probatum
1152 618 1233 676 sit,
1259 617 1534 669 sublatum
1561 632 1683 669 esse
1702 632 1866 670 omne

176 693 436 745 iudicium
467 692 581 743 veri
616 697 668 742 et
699 691 819 742 falsi
854 697 1020 754 putat.

249 767 546 819 Confirmat
571 772 754 818 autem
781 765 915 816 illud
939 766 1029 817 vel
1054 767 1307 826 maxime,
1341 767 1491 830 quod
1517 768 1639 830 ipsa
1661 772 1866 827 natura,

172 848 230 892 ut
262 843 335 893 ait
369 842 473 901 ille,
507 842 703 892 sciscat
737 845 789 891 et
821 841 1028 904 probet,
1061 840 1116 892 id
1150 847 1231 892 est
1262 841 1604 904 voluptatem
1635 847 1687 892 et
1712 842 1865 893 dolo-

171 931 298 968 rem.
354 916 426 966 ad
459 916 597 966 haec
631 921 682 966 et
715 929 858 978 quae
891 929 1186 979 sequamur
1219 921 1271 967 et
1302 929 1446 980 quae
1478 916 1753 980 fugiamus
1785 931 1863 967 re·
1889 928 1932 964 10

171 991 268 1042 fert
309 992 509 1042 omnia.
565 990 716 1053 quod
757 1003 1093 1053 quamquam
1125 990 1387 1053 Aristippi
1429 996 1510 1041 est
1548 1004 1582 1041 a
1615 989 1864 1055 Cyrenai-

171 1068 358 1129 cisque
391 1065 587 1116 melius
620 1065 953 1128 liberiusque
986 1064 1305 1124 defenditur,
1345 1071 1528 1116 tamen
1562 1066 1679 1116 eius
1712 1066 1862 1117 modi

171 1155 294 1192 esse
320 1140 517 1200 iudico,
550 1144 608 1190 ut
639 1138 774 1190 nihil
799 1139 1024 1191 homine
1048 1139 1298 1190 videatur
1322 1140 1615 1204 indignius
1656 1140 1726 1190 ad
1752 1155 1865 1191 ma-

169 1216 285 1267 iora
316 1215 462 1266 enim
496 1213 770 1278 quaedam
803 1228 906 1266 nos
938 1219 1131 1266 natura
1170 1215 1358 1278 genuit
1399 1220 1450 1266 et
1491 1214 1863 1275 conformavit,

168 1294 226 1340 ut
257 1290 392 1340 mihi
425 1289 648 1353 quidem
681 1288 910 1340 videtur.
967 1303 1031 1339 ac
1063 1289 1178 1339 fieri
1212 1294 1406 1353 potest,
1445 1294 1504 1339 ut
1537 1303 1721 1349 errem,
1763 1290 1860 1341 sed
1888 1301 1931 1337 15

167 1365 242 1415 ita
281 1378 500 1427 prorsus
542 1364 808 1422 existimo,
847 1377 1030 1427 neque
1071 1378 1196 1414 eum
1229 1363 1581 1427 Torquatum,
1622 1365 1715 1427 qui
1756 1364 1862 1416 hoc

169 1440 374 1502 primus
415 1452 726 1503 cognomen
767 1438 1055 1498 invenerit,
1100 1444 1193 1489 aut
1232 1443 1482 1502 torquem
1523 1438 1674 1489 illum
1715 1439 1859 1490 hosti

168 1514 481 1572 detraxisse,
513 1518 572 1564 ut
604 1513 845 1576 aliquam
880 1527 946 1563 ex
980 1527 1047 1564 eo
1082 1513 1381 1576 perciperet
1414 1527 1640 1576 corpore
1664 1513 1860 1576 volup-

166 1593 347 1647 tatem,
381 1593 473 1638 aut
498 1601 621 1638 cum
647 1587 852 1637 Latinis
876 1588 1030 1638 tertio
1059 1587 1345 1639 consulatu
1372 1587 1685 1639 conflixisse
1710 1588 1858 1651 apud

165 1662 411 1714 Veserim
445 1667 662 1725 propter
692 1661 1056 1725 voluptatem;
1090 1662 1240 1726 quod
1269 1676 1400 1713 vero
1435 1663 1608 1713 securi
1643 1676 1859 1725 percus-
1883 1674 1928 1710 20

167 1738 234 1788 sit
264 1736 452 1796 filium,
493 1737 796 1800 privavisse
836 1750 896 1787 se
938 1738 1101 1787 etiam
1134 1737 1348 1788 videtur
1386 1736 1570 1787 multis
1607 1737 1858 1800 volupta-

165 1812 325 1870 tibus
359 1826 482 1862 cum
516 1812 620 1874 ipsi
652 1816 878 1862 naturae
911 1812 1197 1875 patrioque
1230 1812 1401 1862 amori
1431 1811 1740 1874 praetulerit
1773 1812 1857 1862 ius

166 1886 464 1938 maiestatis
509 1890 674 1949 atque
718 1886 943 1948 imperii.
1000 1886 1169 1949 quid?
1224 1886 1281 1937 T.
1308 1886 1630 1949 TorquatuS,
1676 1886 1721 1936 is
1763 1887 1856 1948 qui

167 1960 358 2012 consul
392 1975 515 2011 cum
551 1958 644 2011 Cn.
672 1958 902 2012 Octavio
936 1960 1048 2019 fuit,
1082 1975 1205 2011 cum
1240 1960 1386 2010 illam
1422 1961 1766 2011 severitatem
1799 1962 1854 2010 in

166 2049 233 2086 eo
265 2035 379 2087 filio
413 2034 675 2094 adhibuit,
709 2049 874 2098 quem
900 2035 955 2085 in
981 2035 1338 2098 adoptionem
1365 2034 1427 2086 D.
1455 2034 1643 2086 Silano
1669 2049 1854 2086 eman-
1878 2046 1923 2082 25

166 2111 454 2172 cipaverat,
502 2114 560 2160 ut
607 2123 734 2160 eum
781 2109 1150 2161 Macedonum
1205 2109 1400 2174 legatis
1455 2110 1853 2168 accusantibus

165 2183 315 2247 quod
341 2184 602 2246 pecunias
629 2189 931 2246 praetorem
951 2185 1006 2234 in
1024 2185 1306 2247 provincia
1323 2185 1536 2247 cepisse
1553 2190 1853 2248 arguerent,

165 2272 387 2309 causam
421 2258 568 2321 apud
602 2271 661 2309 se
695 2257 874 2308 dicere
906 2259 1114 2310 iuberet
1144 2273 1311 2322 reque
1344 2272 1410 2310 ex
1442 2263 1670 2322 utraque
1703 2263 1852 2322 parte

165 2332 351 2395 audita
384 2333 753 2395 pronuntiaret
787 2347 912 2384 eum
945 2347 1057 2384 non
1090 2333 1254 2384 talem
1287 2333 1458 2384 videri
1483 2333 1651 2384 fuisse
1677 2334 1730 2383 in
1757 2334 1852 2382 im-

165 2407 329 2469 perio,
370 2406 562 2469 quales
603 2407 722 2457 eius
763 2408 997 2458 maiores
1037 2407 1280 2467 fuissent,
1325 2413 1378 2458 et
1409 2409 1463 2457 in
1498 2412 1851 2470 conspectum
1876 2419 1921 2454 30

164 2496 324 2531 suum
356 2481 544 2531 venire
575 2481 761 2540 vetuit,
794 2482 1063 2545 numquid
1095 2483 1191 2532 tibi
1224 2482 1437 2533 videtur
1471 2482 1539 2532 de
1564 2482 1853 2544 voluptati-

164 2556 267 2606 bus
303 2556 415 2606 suis
450 2555 816 2619 cogitavisse?

238 2629 348 2680 Sed
398 2634 457 2680 ut
509 2629 754 2680 omittam
808 2630 1060 2692 pericula,
1108 2630 1338 2689 laboreS,
1383 2630 1629 2683 dolorem
1675 2630 1852 2688 etiarn,

164 2718 328 2767 quem
362 2704 602 2766 optimus
635 2705 870 2767 quisque
910 2718 1006 2767 pro
1048 2706 1219 2767 patria
1253 2710 1304 2755 et
1337 2719 1433 2768 pro
1468 2706 1580 2755 suis
1613 2705 1852 2766 suscipit,

239 2820 258 2860 1
295 2818 462 2870 nudus]
498 2822 694 2862 mundus
726 2821 809 2862 BE
918 2822 971 2862 17
1003 2823 1180 2864 invenit
1203 2822 1286 2863 BE
1392 2822 1450 2863 20
1483 2822 1705 2871 percussit
1727 2821 1851 2862 Mdv.

163 2881 435 2928 percusserit
567 2880 619 2920 21
658 2881 863 2930 privasse
893 2880 1024 2922 BER
1156 2881 1212 2923 23
1245 2881 1295 2923 T.
1319 2881 1438 2923 Dav.
1464 2878 1541 2932 (cf.
1566 2880 1644 2921 lw.
1668 2880 1788 2921 Mae.
1812 2880 1855 2920 ll

159 2935 382 2990 p.8sq.)‚·
413 2939 426 2978 l
459 2935 552 2987 (vel
574 2936 628 2989 L)
750 2939 807 2981 34
839 2940 1042 2990 suscepit
1073 2940 1202 2982 BER
