2046 3138
112 1495 168 1535 46

110 2312 166 2353 47

210 162 281 212 54
634 156 720 204 DE
753 154 1006 202 FINIBUS
1039 154 1189 203 BON.
1223 155 1301 202 ET
1334 157 1486 204 MAL.
1601 163 1746 205 Lib.11
1763 165 1988 206 c.14-15

206 296 379 347 multa
412 298 483 347 ob
519 311 640 347 eam
674 310 841 346 unam
875 310 1098 347 causam
1139 295 1356 357 faciunt,
1397 299 1527 361 quia
1559 299 1730 360 decet,
1770 303 1900 364 quia

206 377 427 430 rectum,
461 373 591 435 quia
623 371 917 422 honestum
951 376 1046 430 est,
1089 372 1189 422 etsi
1228 372 1440 422 nullum
1481 380 1898 426 consecuturum

208 446 641 496 emolumentum
673 446 877 497 vident.
932 446 1185 497 homines
1221 448 1380 506 enim,
1415 449 1515 498 etsi
1548 448 1668 499 aliis
1701 450 1899 510 multis,

205 524 389 570 tamen
423 520 530 571 hoc
561 534 672 571 uno
708 520 1001 583 plurimum
1034 535 1068 570 a
1099 521 1288 572 bestiis
1322 522 1589 581 differunt,
1630 525 1780 586 quod
1821 539 1900 575 ra-

204 595 410 645 tionem
455 593 660 646 habent
699 609 733 645 a
771 600 964 646 natura
1003 596 1187 645 datam
1230 602 1583 660 mentemque
1624 612 1802 650 acrem
1845 605 1897 650 et
1944 611 1967 645 5

202 670 483 733 vigentem
510 670 899 733 celerrimeque
925 670 1097 720 multa
1129 671 1290 720 simul
1317 673 1616 734 agitantem
1643 678 1709 732 et,
1742 678 1801 724 ut
1825 675 1900 724 ita

205 743 399 803 dicam,
432 758 704 808 sagacem,
731 758 874 807 quae
902 750 954 795 et
979 759 1174 795 causas
1200 760 1376 796 rerum
1404 750 1456 796 et
1481 749 1899 799 consecutiones

202 818 390 869 videat
424 824 476 870 et
501 819 886 870 similitudines
912 819 1196 870 transferat
1229 825 1281 870 et
1306 820 1901 886 disiuncta‘coniungat

204 897 424 956 etcum
470 894 848 956 praesentibus
892 894 1070 944 futura
1114 894 1334 957 copulet
1378 909 1713 959 omnemque
1754 911 1900 948 com-

202 967 467 1029 plectatur
505 969 652 1019 vitae
694 970 1082 1031 consequentis
1127 974 1343 1020 statum.
1409 970 1716 1034 eademque
1761 973 1896 1023 ratio
1924 982 1967 1017 10

202 1041 327 1092 fecit
369 1043 650 1093 hominem
695 1043 981 1094 hominum
1027 1043 1378 1106 adpetentem
1413 1059 1649 1108 cumque
1694 1047 1758 1096 iis
1803 1060 1898 1097 na-

201 1120 319 1166 tura
363 1122 416 1167 et
458 1131 712 1168 sermone
756 1123 809 1168 et
851 1133 955 1168 usu
1000 1124 1407 1181 congruentem,
1453 1124 1511 1169 ut
1551 1120 1824 1182 profectus
1866 1135 1898 1171 a

203 1192 422 1242 caritate
456 1192 882 1243 domesticorum
924 1207 988 1243 ac
1020 1207 1244 1243 suorum
1278 1199 1460 1256 serpat
1498 1194 1718 1258 longius
1753 1200 1806 1246 et
1837 1210 1897 1246 se

202 1266 443 1328 implicet
486 1268 719 1329 primum
770 1268 985 1326 civium,
1042 1267 1243 1318 deinde
1292 1269 1538 1318 omnium
1586 1270 1896 1320 mortalium

201 1342 462 1391 societate
496 1346 675 1404 atque,
708 1347 767 1391 ut
799 1342 869 1391 ad
894 1341 1188 1405 Archytam
1215 1344 1427 1405 scripsit
1451 1343 1621 1402 Plato,
1654 1358 1766 1395 non
1793 1345 1897 1395 sibi
1924 1355 1966 1389 15
2044 1390 2046 1395 .

200 1428 261 1465 se
293 1415 397 1466 soli
429 1420 618 1465 natum
652 1418 971 1475 meminerit,
1012 1417 1109 1466 sed
1144 1418 1364 1479 patriae,
1397 1418 1496 1468 sed
1530 1419 1658 1477 suiS,
1691 1424 1750 1468 ut
1782 1434 1899 1481 per-

200 1490 405 1553 exigua
452 1504 576 1553 pars
624 1492 728 1552 ipsi
769 1491 1115 1553 relinquatur.
1187 1496 1240 1541 et
1280 1494 1542 1554 quoniam
1577 1493 1771 1543 eadem
1806 1508 1899 1543 na-

200 1569 320 1615 tura
363 1565 717 1627 cupiditatem
763 1566 1011 1629 ingenuit
1054 1566 1262 1616 homini
1308 1567 1421 1616 veri
1460 1567 1701 1626 videndi,
1747 1569 1897 1630 quod

202 1638 458 1690 facillime
491 1645 732 1702 apparet,
767 1654 890 1689 cum
922 1641 1084 1690 vacui
1119 1641 1257 1690 curis
1293 1642 1455 1691 etiam
1490 1642 1621 1704 quid
1655 1643 1709 1691 in
1744 1643 1896 1693 caelo

201 1713 296 1763 fiat
327 1714 463 1764 scire
497 1728 741 1773 avemus
786 1715 870 1764 his
904 1715 1068 1764 initiis
1103 1715 1309 1764 inducti
1343 1717 1530 1766 omnia
1559 1717 1897 1780 veradiligi-
1921 1727 1966 1762 20

201 1802 338 1847 mUS,
364 1788 419 1838 id
439 1793 521 1839 est
546 1789 744 1848 fidelia,
772 1789 1054 1851 simplicia,
1082 1791 1402 1849 constantia,
1428 1795 1543 1839 tum
1560 1805 1720 1850 vana,
1746 1791 1896 1850 falsa,

201 1861 443 1913 fallentia
476 1863 710 1922 odimus,
752 1868 812 1913 ut
850 1864 1112 1923 fraudem,
1153 1865 1460 1926 periurium,
1501 1865 1779 1924 malitiam,
1820 1867 1897 1915 in-

201 1937 408 1988 iuriam.
488 1938 682 1987 eadem
730 1939 865 1988 ratio
914 1938 1081 1988 habet
1127 1939 1182 1987 in
1230 1952 1290 1988 se
1338 1939 1602 2001 quiddam
1650 1940 1894 2002 amplum

201 2015 365 2074 atque
413 2012 782 2075 magnificum,
831 2012 902 2061 ad
951 2013 1333 2075 imperandum
1382 2014 1559 2076 magis
1609 2028 1775 2076 quam
1825 2015 1894 2065 ad

201 2086 505 2147 parendum
547 2087 989 2145 accomodatum,
1039 2088 1226 2137 omnia
1265 2087 1508 2137 humana
1547 2102 1659 2139 non
1703 2089 1895 2139 tolera·
1919 2100 1964 2135 25

200 2160 331 2210 bilia
371 2160 565 2219 solum,
611 2161 709 2211 sed
753 2162 915 2211 etiam
958 2161 1103 2211 levia
1149 2162 1371 2220 ducem,
1417 2162 1586 2212 altum
1632 2163 1894 2226 quiddam

201 2239 254 2284 et
286 2235 578 2294 excelsum,
623 2235 756 2285 nihil
796 2237 1009 2294 timenS,
1053 2237 1260 2286 nemini
1301 2237 1518 2295 cedenS,
1563 2251 1778 2299 semper
1818 2239 1895 2287 in-

200 2310 421 2359 victum.
477 2314 643 2372 atque
675 2310 759 2360 his
793 2310 961 2360 tribus
995 2311 1288 2373 generibus
1313 2311 1669 2362 honestorum
1694 2314 1893 2362 notatis

203 2388 454 2445 quartum
489 2385 732 2446 sequitur
774 2389 826 2434 et
869 2385 923 2433 in
958 2385 1153 2435 eadem
1187 2385 1587 2447 pulchritudine
1621 2390 1673 2436 et
1705 2391 1892 2448 aptum

201 2471 266 2507 ex
298 2457 403 2507 illis
436 2458 620 2517 tribus,
661 2459 715 2508 in
757 2473 867 2522 quo
909 2460 1051 2509 inest
1091 2459 1226 2510 ordo
1270 2465 1322 2510 et
1353 2460 1673 2511 moderatio.
1738 2462 1892 2511 cuius
1916 2473 1961 2507 :30

200 2531 558 2582 similitudine
592 2538 877 2595 perspecta
909 2534 964 2583 in
997 2533 1290 2584 formarum
1324 2535 1507 2596 specie
1533 2548 1597 2584 ac
1630 2535 1892 2598 dignitate

199 2607 482 2656 transitum
517 2611 598 2657 est
630 2607 700 2656 ad
734 2607 1079 2658 honestatem
1113 2608 1380 2659 dictorum
1415 2613 1580 2672 atque
1613 2609 1890 2660 factorum.

275 2753 295 2793 1
323 2765 462 2794 unam
487 2751 691 2803 causam]
718 2765 904 2795 causam
929 2767 1068 2795 unam
1092 2755 1175 2796 BE
1207 2766 1394 2797 causam
1418 2767 1512 2796 una
1534 2755 1573 2797 R
1663 2756 1690 2796 5
1719 2757 1892 2798 habent

198 2815 314 2854 dett.
339 2813 543 2854 habeant
614 2813 793 2854 6simul
811 2815 951 2854 multa
967 2814 1049 2855 BE
1135 2815 1184 2855 11
1214 2816 1450 2856 hominem
1468 2814 1674 2856 fecitBE
1735 2819 1890 2866 appet.

198 2871 380 2913 BENV
485 2872 540 2913 14
572 2873 827 2914 mortalium
861 2875 1066 2914 omnium
1097 2873 1179 2915 BE
1283 2874 1338 2914 19
1371 2875 1508 2916 etiam
1542 2871 1669 2924 quid]
1703 2877 1748 2916 et
1780 2875 1891 2925 quid

197 2931 288 2971 iam
320 2931 401 2972 BE
500 2931 558 2972 20
589 2943 779 2974 avemus
807 2934 920 2974 dett.
947 2934 1173 2975 habemus
1271 2933 1323 2975 31
1360 2931 1535 2983 specie]
1569 2932 1654 2984 sp}
1686 2933 1816 2976 BER

197 3000 252 3030 ac
285 2992 385 3031 cod.
411 2990 580 3032 Eliens.
603 2996 630 3032 2
661 2991 859 3042 Davisii,
893 2994 963 3034 ed.
986 2993 1154 3035 Veneta
1186 3005 1229 3035 α.
1258 2996 1385 3041 1480,·
1415 3004 1444 3033 a

2038 1941 2046 2156 -an—-fi-ffl
2044 1872 2046 1886 ..
2043 1854 2046 1859 r
2045 1766 2046 1769 „
