<?xml version="1.0" encoding="UTF-8"?>
<!DOCTYPE html PUBLIC "-//W3C//DTD XHTML 1.0 Transitional//EN"
    "http://www.w3.org/TR/xhtml1/DTD/xhtml1-transitional.dtd">
<html xmlns="http://www.w3.org/1999/xhtml" xml:lang="en" lang="en">
 <head>
  <title>
</title>
<meta http-equiv="Content-Type" content="text/html;charset=utf-8" />
  <meta name='ocr-system' content='tesseract 3.04.00' />
  <meta name='ocr-capabilities' content='ocr_page ocr_carea ocr_par ocr_line ocrx_word'/>
</head>
<body>
  <div class='ocr_page' id='page_1' title='image "./p1scriptaquaeman13ciceuoft_0089.png"; bbox 0 0 2046 3138; ppageno 0'>
   <div class='ocr_carea' id='block_1_1' title="bbox 51 143 1844 204">
    <p class='ocr_par' dir='ltr' id='par_1_1' title="bbox 51 143 1844 204">
     <span class='ocr_line' id='line_1_1' title="bbox 51 143 1844 204; baseline -0.004 -10"><span class='ocrx_word' id='word_1_1' title='bbox 51 151 83 204; x_wconf 67' lang='grc' dir='ltr'>ς</span> <span class='ocrx_word' id='word_1_2' title='bbox 109 152 284 194; x_wconf 85' lang='lat'><strong>78—82</strong></span> <span class='ocrx_word' id='word_1_3' title='bbox 563 145 649 191; x_wconf 83' lang='lat' dir='ltr'>DE</span> <span class='ocrx_word' id='word_1_4' title='bbox 683 144 938 191; x_wconf 78' lang='lat' dir='ltr'>FINIBUS</span> <span class='ocrx_word' id='word_1_5' title='bbox 971 143 1121 191; x_wconf 86' lang='lat' dir='ltr'>BON.</span> <span class='ocrx_word' id='word_1_6' title='bbox 1155 144 1233 189; x_wconf 87' lang='lat' dir='ltr'>ET</span> <span class='ocrx_word' id='word_1_7' title='bbox 1267 143 1419 190; x_wconf 85' lang='lat' dir='ltr'>MAL.</span> <span class='ocrx_word' id='word_1_8' title='bbox 1773 152 1844 202; x_wconf 76' lang='lat'>59</span> 
     </span>
    </p>
   </div>
   <div class='ocr_carea' id='block_1_2' title="bbox 143 284 1844 425">
    <p class='ocr_par' dir='ltr' id='par_1_2' title="bbox 143 284 1844 425">
     <span class='ocr_line' id='line_1_2' title="bbox 143 284 1844 348; baseline -0.001 -9"><span class='ocrx_word' id='word_1_9' title='bbox 143 294 370 339; x_wconf 89' lang='lat' dir='ltr'>naturae</span> <span class='ocrx_word' id='word_1_10' title='bbox 415 294 543 338; x_wconf 86' lang='lat' dir='ltr'>tuae</span> <span class='ocrx_word' id='word_1_11' title='bbox 591 292 1025 338; x_wconf 89' lang='lat' dir='ltr'>consentaneum</span> <span class='ocrx_word' id='word_1_12' title='bbox 1071 287 1152 344; x_wconf 86' lang='lat' dir='ltr'>sit,</span> <span class='ocrx_word' id='word_1_13' title='bbox 1194 285 1292 336; x_wconf 91' lang='lat' dir='ltr'>sed</span> <span class='ocrx_word' id='word_1_14' title='bbox 1333 285 1466 348; x_wconf 92' lang='lat' dir='ltr'>quid</span> <span class='ocrx_word' id='word_1_15' title='bbox 1507 284 1844 347; x_wconf 89' lang='lat' dir='ltr'>disciplinae.</span> 
     </span>
     <span class='ocr_line' id='line_1_3' title="bbox 143 359 1844 425; baseline -0.002 -11"><span class='ocrx_word' id='word_1_16' title='bbox 143 366 279 414; x_wconf 82' lang='lat' dir='ltr'>ratio</span> <span class='ocrx_word' id='word_1_17' title='bbox 299 365 415 421; x_wconf 81' lang='lat' dir='ltr'>ista</span> <span class='ocrx_word' id='word_1_18' title='bbox 443 376 609 425; x_wconf 93' lang='lat' dir='ltr'>quam</span> <span class='ocrx_word' id='word_1_19' title='bbox 629 361 894 419; x_wconf 79' lang='lat' dir='ltr'>defendiS,</span> <span class='ocrx_word' id='word_1_20' title='bbox 922 365 1227 423; x_wconf 89' lang='lat' dir='ltr'>praecepta,</span> <span class='ocrx_word' id='word_1_21' title='bbox 1255 374 1398 423; x_wconf 93' lang='lat' dir='ltr'>quae</span> <span class='ocrx_word' id='word_1_22' title='bbox 1424 359 1674 418; x_wconf 89' lang='lat' dir='ltr'>didicisti,</span> <span class='ocrx_word' id='word_1_23' title='bbox 1700 374 1844 423; x_wconf 89' lang='lat' dir='ltr'>quae</span> 
     </span>
    </p>
   </div>
   <div class='ocr_carea' id='block_1_3' title="bbox 145 434 1906 501">
    <p class='ocr_par' dir='ltr' id='par_1_3' title="bbox 145 434 1906 501">
     <span class='ocr_line' id='line_1_4' title="bbox 145 434 1906 501; baseline -0.002 -12"><span class='ocrx_word' id='word_1_24' title='bbox 145 438 360 501; x_wconf 85' lang='lat' dir='ltr'>probaS,</span> <span class='ocrx_word' id='word_1_25' title='bbox 394 436 638 487; x_wconf 81' lang='lat' dir='ltr'>funditus</span> <span class='ocrx_word' id='word_1_26' title='bbox 673 441 923 487; x_wconf 89' lang='lat' dir='ltr'>evertunt</span> <span class='ocrx_word' id='word_1_27' title='bbox 948 436 1259 493; x_wconf 85' lang='lat' dir='ltr'>amicitiam,</span> <span class='ocrx_word' id='word_1_28' title='bbox 1293 435 1547 497; x_wconf 91' lang='lat' dir='ltr'>quamvis</span> <span class='ocrx_word' id='word_1_29' title='bbox 1574 448 1696 486; x_wconf 91' lang='lat' dir='ltr'>eam</span> <span class='ocrx_word' id='word_1_30' title='bbox 1723 434 1844 498; x_wconf 85' lang='lat' dir='ltr'>Epi·</span> <span class='ocrx_word' id='word_1_31' title='bbox 1899 468 1906 473; x_wconf 84' lang='lat'><em>-</em></span> 
     </span>
    </p>
   </div>
   <div class='ocr_carea' id='block_1_4' title="bbox 95 509 1843 871">
    <p class='ocr_par' dir='ltr' id='par_1_4' title="bbox 143 509 1442 571">
     <span class='ocr_line' id='line_1_5' title="bbox 143 509 1442 571; baseline -0.002 -9"><span class='ocrx_word' id='word_1_32' title='bbox 143 526 319 571; x_wconf 86' lang='lat' dir='ltr'>curuS‚</span> <span class='ocrx_word' id='word_1_33' title='bbox 352 517 410 561; x_wconf 90' lang='lat' dir='ltr'>ut</span> <span class='ocrx_word' id='word_1_34' title='bbox 442 511 582 570; x_wconf 84' lang='lat' dir='ltr'>facit,</span> <span class='ocrx_word' id='word_1_35' title='bbox 614 513 668 561; x_wconf 93' lang='lat' dir='ltr'>in</span> <span class='ocrx_word' id='word_1_36' title='bbox 704 510 918 561; x_wconf 93' lang='lat' dir='ltr'>caelum</span> <span class='ocrx_word' id='word_1_37' title='bbox 952 509 1139 560; x_wconf 81' lang='lat' dir='ltr'>efferat</span> <span class='ocrx_word' id='word_1_38' title='bbox 1171 509 1442 560; x_wconf 84' lang='lat' dir='ltr'>laudibus.</span> 
     </span>
    </p>

    <p class='ocr_par' dir='ltr' id='par_1_5' title="bbox 95 582 1843 871">
     <span class='ocr_line' id='line_1_6' title="bbox 95 582 1843 648; baseline 0 -13"><span class='ocrx_word' id='word_1_39' title='bbox 95 600 119 635; x_wconf 88' lang='lat'><strong>5</strong></span> <span class='ocrx_word' id='word_1_40' title='bbox 216 586 288 637; x_wconf 89' lang='lat' dir='ltr'>At</span> <span class='ocrx_word' id='word_1_41' title='bbox 322 586 488 637; x_wconf 92' lang='lat' dir='ltr'>coluit</span> <span class='ocrx_word' id='word_1_42' title='bbox 532 587 651 648; x_wconf 90' lang='lat' dir='ltr'>ipse</span> <span class='ocrx_word' id='word_1_43' title='bbox 691 586 973 635; x_wconf 84' lang='lat' dir='ltr'>amicitiaS.</span> <span class='ocrx_word' id='word_1_44' title='bbox 1030 582 1182 643; x_wconf 81' lang='lat' dir='ltr'>QuiS,</span> <span class='ocrx_word' id='word_1_45' title='bbox 1224 598 1450 647; x_wconf 80' lang='lat' dir='ltr'>quaese,</span> <span class='ocrx_word' id='word_1_46' title='bbox 1491 584 1642 635; x_wconf 92' lang='lat' dir='ltr'>illum</span> <span class='ocrx_word' id='word_1_47' title='bbox 1677 590 1843 648; x_wconf 86' lang='lat' dir='ltr'>negat</span> 
     </span>
     <span class='ocr_line' id='line_1_7' title="bbox 144 658 1843 711; baseline -0.001 0"><span class='ocrx_word' id='word_1_48' title='bbox 144 666 197 711; x_wconf 91' lang='lat' dir='ltr'>et</span> <span class='ocrx_word' id='word_1_49' title='bbox 230 662 438 711; x_wconf 93' lang='lat' dir='ltr'>bonum</span> <span class='ocrx_word' id='word_1_50' title='bbox 471 661 648 710; x_wconf 92' lang='lat' dir='ltr'>virum</span> <span class='ocrx_word' id='word_1_51' title='bbox 684 665 737 710; x_wconf 92' lang='lat' dir='ltr'>et</span> <span class='ocrx_word' id='word_1_52' title='bbox 762 673 978 710; x_wconf 93' lang='lat' dir='ltr'>comem</span> <span class='ocrx_word' id='word_1_53' title='bbox 1005 664 1057 710; x_wconf 90' lang='lat' dir='ltr'>et</span> <span class='ocrx_word' id='word_1_54' title='bbox 1082 658 1386 709; x_wconf 92' lang='lat' dir='ltr'>humanum</span> <span class='ocrx_word' id='word_1_55' title='bbox 1412 659 1622 711; x_wconf 79' lang='lat' dir='ltr'>fuisse?</span> <span class='ocrx_word' id='word_1_56' title='bbox 1669 660 1739 710; x_wconf 92' lang='lat' dir='ltr'>de</span> <span class='ocrx_word' id='word_1_57' title='bbox 1764 660 1843 709; x_wconf 91' lang='lat' dir='ltr'>in-</span> 
     </span>
     <span class='ocr_line' id='line_1_8' title="bbox 142 733 1841 799; baseline -0.002 -13"><span class='ocrx_word' id='word_1_58' title='bbox 142 737 307 799; x_wconf 87' lang='lat' dir='ltr'>genio</span> <span class='ocrx_word' id='word_1_59' title='bbox 336 736 454 785; x_wconf 91' lang='lat' dir='ltr'>eius</span> <span class='ocrx_word' id='word_1_60' title='bbox 480 736 534 784; x_wconf 93' lang='lat' dir='ltr'>in</span> <span class='ocrx_word' id='word_1_61' title='bbox 561 734 645 784; x_wconf 92' lang='lat' dir='ltr'>his</span> <span class='ocrx_word' id='word_1_62' title='bbox 672 734 1153 797; x_wconf 83' lang='lat' dir='ltr'>disputationibuS‚</span> <span class='ocrx_word' id='word_1_63' title='bbox 1177 748 1290 784; x_wconf 92' lang='lat' dir='ltr'>non</span> <span class='ocrx_word' id='word_1_64' title='bbox 1317 733 1386 784; x_wconf 89' lang='lat' dir='ltr'>de</span> <span class='ocrx_word' id='word_1_65' title='bbox 1412 734 1656 785; x_wconf 90' lang='lat' dir='ltr'>moribus</span> <span class='ocrx_word' id='word_1_66' title='bbox 1675 748 1841 797; x_wconf 88' lang='lat' dir='ltr'>quae-</span> 
     </span>
     <span class='ocr_line' id='line_1_9' title="bbox 141 807 1839 871; baseline -0.001 -11"><span class='ocrx_word' id='word_1_67' title='bbox 141 811 283 861; x_wconf 91' lang='lat' dir='ltr'>ritur.</span> <span class='ocrx_word' id='word_1_68' title='bbox 358 810 426 859; x_wconf 90' lang='lat' dir='ltr'>sit</span> <span class='ocrx_word' id='word_1_69' title='bbox 466 810 569 859; x_wconf 91' lang='lat' dir='ltr'>ista</span> <span class='ocrx_word' id='word_1_70' title='bbox 616 810 670 859; x_wconf 90' lang='lat' dir='ltr'>in</span> <span class='ocrx_word' id='word_1_71' title='bbox 714 807 1046 859; x_wconf 88' lang='lat' dir='ltr'>Graecorum</span> <span class='ocrx_word' id='word_1_72' title='bbox 1092 808 1312 859; x_wconf 89' lang='lat' dir='ltr'>levitate</span> <span class='ocrx_word' id='word_1_73' title='bbox 1357 809 1698 870; x_wconf 85' lang='lat' dir='ltr'>perversitas,</span> <span class='ocrx_word' id='word_1_74' title='bbox 1747 810 1839 871; x_wconf 90' lang='lat' dir='ltr'>qui</span> 
     </span>
    </p>
   </div>
   <div class='ocr_carea' id='block_1_5' title="bbox 142 883 1881 946">
    <p class='ocr_par' dir='ltr' id='par_1_6' title="bbox 142 883 1881 946">
     <span class='ocr_line' id='line_1_10' title="bbox 142 883 1881 946; baseline -0.001 -12"><span class='ocrx_word' id='word_1_75' title='bbox 142 884 447 935; x_wconf 90' lang='lat' dir='ltr'>maledictis</span> <span class='ocrx_word' id='word_1_76' title='bbox 481 885 815 934; x_wconf 90' lang='lat' dir='ltr'>insectantur</span> <span class='ocrx_word' id='word_1_77' title='bbox 841 897 953 942; x_wconf 81' lang='lat' dir='ltr'>eOS,</span> <span class='ocrx_word' id='word_1_78' title='bbox 986 897 1019 932; x_wconf 94' lang='lat' dir='ltr'>a</span> <span class='ocrx_word' id='word_1_79' title='bbox 1051 883 1251 946; x_wconf 91' lang='lat' dir='ltr'>quibus</span> <span class='ocrx_word' id='word_1_80' title='bbox 1286 883 1356 933; x_wconf 92' lang='lat' dir='ltr'>de</span> <span class='ocrx_word' id='word_1_81' title='bbox 1379 883 1607 934; x_wconf 87' lang='lat' dir='ltr'>veritate</span> <span class='ocrx_word' id='word_1_82' title='bbox 1632 883 1841 934; x_wconf 89' lang='lat' dir='ltr'>dissen-</span> <span class='ocrx_word' id='word_1_83' title='bbox 1878 891 1881 894; x_wconf 55' lang='lat'><em>⁴</em></span> 
     </span>
    </p>
   </div>
   <div class='ocr_carea' id='block_1_6' title="bbox 71 957 1841 1692">
    <p class='ocr_par' dir='ltr' id='par_1_7' title="bbox 75 957 1841 1307">
     <span class='ocr_line' id='line_1_11' title="bbox 75 957 1841 1021; baseline -0.001 -11"><span class='ocrx_word' id='word_1_84' title='bbox 75 975 120 1011; x_wconf 90' lang='lat'>10</span> <span class='ocrx_word' id='word_1_85' title='bbox 143 960 296 1010; x_wconf 90' lang='lat' dir='ltr'>tiunt.</span> <span class='ocrx_word' id='word_1_86' title='bbox 359 958 457 1009; x_wconf 90' lang='lat' dir='ltr'>sed</span> <span class='ocrx_word' id='word_1_87' title='bbox 500 959 753 1021; x_wconf 89' lang='lat' dir='ltr'>quamvis</span> <span class='ocrx_word' id='word_1_88' title='bbox 787 959 960 1008; x_wconf 92' lang='lat' dir='ltr'>comis</span> <span class='ocrx_word' id='word_1_89' title='bbox 993 959 1048 1007; x_wconf 92' lang='lat' dir='ltr'>in</span> <span class='ocrx_word' id='word_1_90' title='bbox 1081 959 1271 1008; x_wconf 89' lang='lat' dir='ltr'>amicis</span> <span class='ocrx_word' id='word_1_91' title='bbox 1302 957 1522 1008; x_wconf 88' lang='lat' dir='ltr'>tuendis</span> <span class='ocrx_word' id='word_1_92' title='bbox 1554 957 1726 1017; x_wconf 79' lang='lat' dir='ltr'>fuerit,</span> <span class='ocrx_word' id='word_1_93' title='bbox 1765 963 1841 1008; x_wconf 84' lang='lat' dir='ltr'>ta-</span> 
     </span>
     <span class='ocr_line' id='line_1_12' title="bbox 142 1032 1839 1092; baseline -0.001 -9"><span class='ocrx_word' id='word_1_94' title='bbox 142 1047 284 1092; x_wconf 87' lang='lat' dir='ltr'>men,</span> <span class='ocrx_word' id='word_1_95' title='bbox 325 1035 370 1083; x_wconf 91' lang='lat' dir='ltr'>si</span> <span class='ocrx_word' id='word_1_96' title='bbox 404 1033 542 1083; x_wconf 90' lang='lat' dir='ltr'>haec</span> <span class='ocrx_word' id='word_1_97' title='bbox 572 1046 703 1083; x_wconf 89' lang='lat' dir='ltr'>vera</span> <span class='ocrx_word' id='word_1_98' title='bbox 744 1038 870 1082; x_wconf 89' lang='lat' dir='ltr'>sunt</span> <span class='ocrx_word' id='word_1_99' title='bbox 903 1057 973 1064; x_wconf 89' lang='lat'><strong>—</strong></span> <span class='ocrx_word' id='word_1_100' title='bbox 1007 1032 1141 1082; x_wconf 92' lang='lat' dir='ltr'>nihil</span> <span class='ocrx_word' id='word_1_101' title='bbox 1175 1033 1321 1083; x_wconf 89' lang='lat' dir='ltr'>enim</span> <span class='ocrx_word' id='word_1_102' title='bbox 1361 1032 1573 1083; x_wconf 76' lang='lat' dir='ltr'>affirmo</span> <span class='ocrx_word' id='word_1_103' title='bbox 1608 1058 1694 1091; x_wconf 93' lang='lat'>—,</span> <span class='ocrx_word' id='word_1_104' title='bbox 1726 1046 1839 1083; x_wconf 91' lang='lat' dir='ltr'>non</span> 
     </span>
     <span class='ocr_line' id='line_1_13' title="bbox 140 1106 1839 1170; baseline 0 -12"><span class='ocrx_word' id='word_1_105' title='bbox 140 1109 272 1158; x_wconf 92' lang='lat' dir='ltr'>satis</span> <span class='ocrx_word' id='word_1_106' title='bbox 315 1112 508 1158; x_wconf 91' lang='lat' dir='ltr'>acutus</span> <span class='ocrx_word' id='word_1_107' title='bbox 553 1107 664 1157; x_wconf 80' lang='lat' dir='ltr'>fuit.</span> <span class='ocrx_word' id='word_1_108' title='bbox 734 1106 806 1157; x_wconf 87' lang='lat' dir='ltr'>At</span> <span class='ocrx_word' id='word_1_109' title='bbox 849 1107 1034 1157; x_wconf 92' lang='lat' dir='ltr'>multis</span> <span class='ocrx_word' id='word_1_110' title='bbox 1075 1121 1135 1158; x_wconf 89' lang='lat' dir='ltr'>se</span> <span class='ocrx_word' id='word_1_111' title='bbox 1176 1108 1441 1169; x_wconf 89' lang='lat' dir='ltr'>probavit.</span> <span class='ocrx_word' id='word_1_112' title='bbox 1508 1106 1570 1157; x_wconf 90' lang='lat' dir='ltr'>Et</span> <span class='ocrx_word' id='word_1_113' title='bbox 1615 1107 1839 1170; x_wconf 86' lang='lat' dir='ltr'>quidem</span> 
     </span>
     <span class='ocr_line' id='line_1_14' title="bbox 141 1182 1840 1244; baseline 0 -12"><span class='ocrx_word' id='word_1_114' title='bbox 141 1183 256 1233; x_wconf 89' lang='lat' dir='ltr'>iure</span> <span class='ocrx_word' id='word_1_115' title='bbox 287 1182 532 1241; x_wconf 83' lang='lat' dir='ltr'>fortasse,</span> <span class='ocrx_word' id='word_1_116' title='bbox 568 1182 667 1232; x_wconf 89' lang='lat' dir='ltr'>sed</span> <span class='ocrx_word' id='word_1_117' title='bbox 700 1187 886 1232; x_wconf 89' lang='lat' dir='ltr'>tamen</span> <span class='ocrx_word' id='word_1_118' title='bbox 919 1195 1032 1232; x_wconf 92' lang='lat' dir='ltr'>non</span> <span class='ocrx_word' id='word_1_119' title='bbox 1065 1183 1451 1244; x_wconf 86' lang='lat' dir='ltr'>gravissimum</span> <span class='ocrx_word' id='word_1_120' title='bbox 1486 1186 1568 1232; x_wconf 93' lang='lat' dir='ltr'>est</span> <span class='ocrx_word' id='word_1_121' title='bbox 1598 1183 1840 1232; x_wconf 90' lang='lat' dir='ltr'>testimo-</span> 
     </span>
     <span class='ocr_line' id='line_1_15' title="bbox 140 1256 1838 1307; baseline -0.001 0"><span class='ocrx_word' id='word_1_122' title='bbox 140 1259 292 1307; x_wconf 93' lang='lat' dir='ltr'>nium</span> <span class='ocrx_word' id='word_1_123' title='bbox 333 1256 711 1307; x_wconf 80' lang='lat' dir='ltr'>multitudinis,</span> <span class='ocrx_word' id='word_1_124' title='bbox 777 1258 832 1306; x_wconf 94' lang='lat' dir='ltr'>in</span> <span class='ocrx_word' id='word_1_125' title='bbox 875 1258 1026 1307; x_wconf 92' lang='lat' dir='ltr'>omni</span> <span class='ocrx_word' id='word_1_126' title='bbox 1068 1258 1214 1306; x_wconf 88' lang='lat' dir='ltr'>enim</span> <span class='ocrx_word' id='word_1_127' title='bbox 1255 1261 1368 1306; x_wconf 89' lang='lat' dir='ltr'>arte</span> <span class='ocrx_word' id='word_1_128' title='bbox 1399 1256 1489 1307; x_wconf 90' lang='lat' dir='ltr'>vel</span> <span class='ocrx_word' id='word_1_129' title='bbox 1534 1257 1716 1307; x_wconf 91' lang='lat' dir='ltr'>studio</span> <span class='ocrx_word' id='word_1_130' title='bbox 1748 1256 1838 1306; x_wconf 88' lang='lat' dir='ltr'>vel</span> 
     </span>
    </p>

    <p class='ocr_par' dir='ltr' id='par_1_8' title="bbox 71 1331 1839 1692">
     <span class='ocr_line' id='line_1_16' title="bbox 71 1331 1839 1394; baseline -0.002 -9"><span class='ocrx_word' id='word_1_131' title='bbox 71 1349 116 1385; x_wconf 86' lang='lat'>15</span> <span class='ocrx_word' id='word_1_132' title='bbox 141 1333 336 1394; x_wconf 91' lang='lat' dir='ltr'>quavis</span> <span class='ocrx_word' id='word_1_133' title='bbox 380 1332 607 1381; x_wconf 92' lang='lat' dir='ltr'>scientia</span> <span class='ocrx_word' id='word_1_134' title='bbox 637 1331 727 1381; x_wconf 92' lang='lat' dir='ltr'>vel</span> <span class='ocrx_word' id='word_1_135' title='bbox 774 1332 828 1380; x_wconf 92' lang='lat' dir='ltr'>in</span> <span class='ocrx_word' id='word_1_136' title='bbox 872 1332 994 1393; x_wconf 92' lang='lat' dir='ltr'>ipsa</span> <span class='ocrx_word' id='word_1_137' title='bbox 1038 1332 1235 1381; x_wconf 91' lang='lat' dir='ltr'>virtute</span> <span class='ocrx_word' id='word_1_138' title='bbox 1279 1332 1548 1393; x_wconf 92' lang='lat' dir='ltr'>optimum</span> <span class='ocrx_word' id='word_1_139' title='bbox 1594 1331 1839 1394; x_wconf 91' lang='lat' dir='ltr'>quidque</span> 
     </span>
     <span class='ocr_line' id='line_1_17' title="bbox 138 1405 1838 1468; baseline 0 -13"><span class='ocrx_word' id='word_1_140' title='bbox 138 1407 472 1456; x_wconf 90' lang='lat' dir='ltr'>rarissimum</span> <span class='ocrx_word' id='word_1_141' title='bbox 518 1411 612 1456; x_wconf 92' lang='lat' dir='ltr'>est.</span> <span class='ocrx_word' id='word_1_142' title='bbox 668 1419 734 1455; x_wconf 93' lang='lat' dir='ltr'>ac</span> <span class='ocrx_word' id='word_1_143' title='bbox 773 1405 906 1455; x_wconf 93' lang='lat' dir='ltr'>mihi</span> <span class='ocrx_word' id='word_1_144' title='bbox 947 1405 1187 1468; x_wconf 90' lang='lat' dir='ltr'>quidem,</span> <span class='ocrx_word' id='word_1_145' title='bbox 1227 1406 1378 1468; x_wconf 94' lang='lat' dir='ltr'>quod</span> <span class='ocrx_word' id='word_1_146' title='bbox 1413 1410 1466 1456; x_wconf 88' lang='lat' dir='ltr'>et</span> <span class='ocrx_word' id='word_1_147' title='bbox 1506 1407 1625 1468; x_wconf 92' lang='lat' dir='ltr'>ipse</span> <span class='ocrx_word' id='word_1_148' title='bbox 1657 1406 1838 1457; x_wconf 90' lang='lat' dir='ltr'>bonus</span> 
     </span>
     <span class='ocr_line' id='line_1_18' title="bbox 137 1479 1836 1542; baseline -0.001 -12"><span class='ocrx_word' id='word_1_149' title='bbox 137 1482 219 1530; x_wconf 91' lang='lat' dir='ltr'>vir</span> <span class='ocrx_word' id='word_1_150' title='bbox 250 1480 350 1531; x_wconf 84' lang='lat' dir='ltr'>fuit</span> <span class='ocrx_word' id='word_1_151' title='bbox 382 1486 434 1531; x_wconf 93' lang='lat' dir='ltr'>et</span> <span class='ocrx_word' id='word_1_152' title='bbox 466 1479 621 1530; x_wconf 92' lang='lat' dir='ltr'>multi</span> <span class='ocrx_word' id='word_1_153' title='bbox 654 1480 902 1542; x_wconf 87' lang='lat' dir='ltr'>Epicurei</span> <span class='ocrx_word' id='word_1_154' title='bbox 937 1485 989 1530; x_wconf 91' lang='lat' dir='ltr'>et</span> <span class='ocrx_word' id='word_1_155' title='bbox 1021 1480 1236 1530; x_wconf 82' lang='lat' dir='ltr'>fuerunt</span> <span class='ocrx_word' id='word_1_156' title='bbox 1262 1485 1314 1531; x_wconf 91' lang='lat' dir='ltr'>et</span> <span class='ocrx_word' id='word_1_157' title='bbox 1346 1480 1513 1531; x_wconf 90' lang='lat' dir='ltr'>hodie</span> <span class='ocrx_word' id='word_1_158' title='bbox 1538 1485 1665 1531; x_wconf 92' lang='lat' dir='ltr'>sunt</span> <span class='ocrx_word' id='word_1_159' title='bbox 1698 1485 1755 1531; x_wconf 89' lang='lat' dir='ltr'>et·</span> <span class='ocrx_word' id='word_1_160' title='bbox 1782 1481 1836 1530; x_wconf 92' lang='lat' dir='ltr'>in</span> 
     </span>
     <span class='ocr_line' id='line_1_19' title="bbox 138 1554 1836 1619; baseline -0.001 -14"><span class='ocrx_word' id='word_1_161' title='bbox 138 1556 390 1605; x_wconf 88' lang='lat' dir='ltr'>amicitiis</span> <span class='ocrx_word' id='word_1_162' title='bbox 434 1554 626 1606; x_wconf 81' lang='lat' dir='ltr'>fideles</span> <span class='ocrx_word' id='word_1_163' title='bbox 672 1560 725 1605; x_wconf 93' lang='lat' dir='ltr'>et</span> <span class='ocrx_word' id='word_1_164' title='bbox 756 1556 811 1604; x_wconf 90' lang='lat' dir='ltr'>in</span> <span class='ocrx_word' id='word_1_165' title='bbox 857 1556 1007 1605; x_wconf 90' lang='lat' dir='ltr'>omni</span> <span class='ocrx_word' id='word_1_166' title='bbox 1039 1555 1154 1604; x_wconf 90' lang='lat' dir='ltr'>vita</span> <span class='ocrx_word' id='word_1_167' title='bbox 1193 1559 1507 1606; x_wconf 88' lang='lat' dir='ltr'>constantes</span> <span class='ocrx_word' id='word_1_168' title='bbox 1549 1560 1602 1606; x_wconf 90' lang='lat' dir='ltr'>et</span> <span class='ocrx_word' id='word_1_169' title='bbox 1640 1568 1836 1619; x_wconf 87' lang='lat' dir='ltr'>graves</span> 
     </span>
     <span class='ocr_line' id='line_1_20' title="bbox 138 1629 1837 1692; baseline 0 -13"><span class='ocrx_word' id='word_1_170' title='bbox 138 1643 242 1679; x_wconf 90' lang='lat' dir='ltr'>nec</span> <span class='ocrx_word' id='word_1_171' title='bbox 271 1629 572 1692; x_wconf 90' lang='lat' dir='ltr'>voluptate,</span> <span class='ocrx_word' id='word_1_172' title='bbox 606 1629 705 1680; x_wconf 89' lang='lat' dir='ltr'>sed</span> <span class='ocrx_word' id='word_1_173' title='bbox 739 1629 922 1680; x_wconf 79' lang='lat' dir='ltr'>officio</span> <span class='ocrx_word' id='word_1_174' title='bbox 957 1629 1187 1679; x_wconf 92' lang='lat' dir='ltr'>consilia</span> <span class='ocrx_word' id='word_1_175' title='bbox 1217 1629 1583 1689; x_wconf 87' lang='lat' dir='ltr'>moderanteS,</span> <span class='ocrx_word' id='word_1_176' title='bbox 1622 1629 1733 1680; x_wconf 92' lang='lat' dir='ltr'>hoc-</span> <span class='ocrx_word' id='word_1_177' title='bbox 1759 1631 1837 1680; x_wconf 86' lang='lat' dir='ltr'>vi-</span> 
     </span>
    </p>
   </div>
   <div class='ocr_carea' id='block_1_7' title="bbox 1873 1111 1925 1152">
    <p class='ocr_par' dir='ltr' id='par_1_9' title="bbox 1873 1111 1925 1152">
     <span class='ocr_line' id='line_1_21' title="bbox 1873 1111 1925 1152; baseline 0 0"><span class='ocrx_word' id='word_1_178' title='bbox 1873 1111 1925 1152; x_wconf 90' lang='lat'>81</span> 
     </span>
    </p>
   </div>
   <div class='ocr_carea' id='block_1_8' title="bbox 68 1704 1876 1766">
    <p class='ocr_par' dir='ltr' id='par_1_10' title="bbox 68 1704 1876 1766">
     <span class='ocr_line' id='line_1_22' title="bbox 68 1704 1876 1766; baseline 0.001 -13"><span class='ocrx_word' id='word_1_179' title='bbox 68 1723 115 1759; x_wconf 80' lang='lat'>20</span> <span class='ocrx_word' id='word_1_180' title='bbox 138 1704 294 1754; x_wconf 93' lang='lat' dir='ltr'>detur</span> <span class='ocrx_word' id='word_1_181' title='bbox 318 1705 491 1754; x_wconf 90' lang='lat' dir='ltr'>maior</span> <span class='ocrx_word' id='word_1_182' title='bbox 515 1705 599 1753; x_wconf 90' lang='lat' dir='ltr'>vis</span> <span class='ocrx_word' id='word_1_183' title='bbox 625 1704 928 1754; x_wconf 90' lang='lat' dir='ltr'>honestatis</span> <span class='ocrx_word' id='word_1_184' title='bbox 955 1709 1007 1754; x_wconf 91' lang='lat' dir='ltr'>et</span> <span class='ocrx_word' id='word_1_185' title='bbox 1031 1705 1209 1754; x_wconf 90' lang='lat' dir='ltr'>minor</span> <span class='ocrx_word' id='word_1_186' title='bbox 1232 1704 1547 1766; x_wconf 85' lang='lat' dir='ltr'>voluptatis.</span> <span class='ocrx_word' id='word_1_187' title='bbox 1599 1705 1672 1755; x_wconf 91' lang='lat' dir='ltr'>ita</span> <span class='ocrx_word' id='word_1_188' title='bbox 1689 1706 1835 1755; x_wconf 88' lang='lat' dir='ltr'>enim</span> <span class='ocrx_word' id='word_1_189' title='bbox 1873 1708 1876 1711; x_wconf 83' lang='lat'>&#39;</span> 
     </span>
    </p>
   </div>
   <div class='ocr_carea' id='block_1_9' title="bbox 67 1778 1837 2363">
    <p class='ocr_par' dir='ltr' id='par_1_11' title="bbox 67 1778 1837 2363">
     <span class='ocr_line' id='line_1_23' title="bbox 135 1778 1836 1842; baseline 0.001 -15"><span class='ocrx_word' id='word_1_190' title='bbox 135 1779 331 1828; x_wconf 90' lang='lat' dir='ltr'>vivunt</span> <span class='ocrx_word' id='word_1_191' title='bbox 371 1779 612 1841; x_wconf 92' lang='lat' dir='ltr'>quidam,</span> <span class='ocrx_word' id='word_1_192' title='bbox 653 1784 712 1828; x_wconf 92' lang='lat' dir='ltr'>ut</span> <span class='ocrx_word' id='word_1_193' title='bbox 745 1792 934 1828; x_wconf 91' lang='lat' dir='ltr'>eorum</span> <span class='ocrx_word' id='word_1_194' title='bbox 967 1779 1081 1828; x_wconf 89' lang='lat' dir='ltr'>vita</span> <span class='ocrx_word' id='word_1_195' title='bbox 1112 1778 1384 1829; x_wconf 83' lang='lat' dir='ltr'>refellatur</span> <span class='ocrx_word' id='word_1_196' title='bbox 1416 1780 1604 1830; x_wconf 92' lang='lat' dir='ltr'>oratio.</span> <span class='ocrx_word' id='word_1_197' title='bbox 1670 1783 1836 1842; x_wconf 89' lang='lat' dir='ltr'>atque</span> 
     </span>
     <span class='ocr_line' id='line_1_24' title="bbox 137 1853 1836 1916; baseline 0.001 -13"><span class='ocrx_word' id='word_1_198' title='bbox 137 1858 195 1903; x_wconf 92' lang='lat' dir='ltr'>ut</span> <span class='ocrx_word' id='word_1_199' title='bbox 235 1854 397 1903; x_wconf 89' lang='lat' dir='ltr'>ceteri</span> <span class='ocrx_word' id='word_1_200' title='bbox 442 1853 622 1903; x_wconf 91' lang='lat' dir='ltr'>dicere</span> <span class='ocrx_word' id='word_1_201' title='bbox 663 1853 1039 1903; x_wconf 86' lang='lat' dir='ltr'>existimantur</span> <span class='ocrx_word' id='word_1_202' title='bbox 1077 1853 1274 1903; x_wconf 93' lang='lat' dir='ltr'>melius</span> <span class='ocrx_word' id='word_1_203' title='bbox 1315 1867 1482 1916; x_wconf 92' lang='lat' dir='ltr'>quam</span> <span class='ocrx_word' id='word_1_204' title='bbox 1523 1854 1715 1913; x_wconf 80' lang='lat' dir='ltr'>iacere,</span> <span class='ocrx_word' id='word_1_205' title='bbox 1758 1855 1836 1904; x_wconf 92' lang='lat' dir='ltr'>sic</span> 
     </span>
     <span class='ocr_line' id='line_1_25' title="bbox 137 1927 1512 1990; baseline 0.002 -14"><span class='ocrx_word' id='word_1_206' title='bbox 137 1927 191 1977; x_wconf 93' lang='lat' dir='ltr'>hi</span> <span class='ocrx_word' id='word_1_207' title='bbox 226 1927 359 1977; x_wconf 93' lang='lat' dir='ltr'>mihi</span> <span class='ocrx_word' id='word_1_208' title='bbox 390 1927 645 1978; x_wconf 90' lang='lat' dir='ltr'>videntur</span> <span class='ocrx_word' id='word_1_209' title='bbox 678 1928 855 1978; x_wconf 81' lang='lat' dir='ltr'>facere</span> <span class='ocrx_word' id='word_1_210' title='bbox 888 1927 1084 1977; x_wconf 91' lang='lat' dir='ltr'>melius</span> <span class='ocrx_word' id='word_1_211' title='bbox 1117 1941 1283 1990; x_wconf 94' lang='lat' dir='ltr'>quam</span> <span class='ocrx_word' id='word_1_212' title='bbox 1318 1928 1512 1980; x_wconf 90' lang='lat' dir='ltr'>dicere.</span> 
     </span>
     <span class='ocr_line' id='line_1_26' title="bbox 212 2000 1837 2066; baseline 0.002 -15"><span class='ocrx_word' id='word_1_213' title='bbox 212 2000 322 2052; x_wconf 90' lang='lat' dir='ltr'>Sed</span> <span class='ocrx_word' id='word_1_214' title='bbox 355 2001 493 2052; x_wconf 92' lang='lat' dir='ltr'>haec</span> <span class='ocrx_word' id='word_1_215' title='bbox 524 2001 659 2052; x_wconf 92' lang='lat' dir='ltr'>nihil</span> <span class='ocrx_word' id='word_1_216' title='bbox 694 2015 828 2052; x_wconf 91' lang='lat' dir='ltr'>sane</span> <span class='ocrx_word' id='word_1_217' title='bbox 861 2001 932 2051; x_wconf 93' lang='lat' dir='ltr'>ad</span> <span class='ocrx_word' id='word_1_218' title='bbox 973 2015 1109 2060; x_wconf 89' lang='lat' dir='ltr'>rem;</span> <span class='ocrx_word' id='word_1_219' title='bbox 1150 2002 1253 2052; x_wconf 83' lang='lat' dir='ltr'>illa¹</span> <span class='ocrx_word' id='word_1_220' title='bbox 1279 2003 1586 2062; x_wconf 84' lang='lat' dir='ltr'>videamuS,</span> <span class='ocrx_word' id='word_1_221' title='bbox 1627 2018 1771 2066; x_wconf 91' lang='lat' dir='ltr'>quae</span> <span class='ocrx_word' id='word_1_222' title='bbox 1803 2017 1837 2054; x_wconf 83' lang='lat' dir='ltr'>a</span> 
     </span>
     <span class='ocr_line' id='line_1_27' title="bbox 67 2076 1837 2139; baseline 0.002 -14"><span class='ocrx_word' id='word_1_223' title='bbox 67 2095 113 2131; x_wconf 71' lang='lat'>25</span> <span class='ocrx_word' id='word_1_224' title='bbox 136 2081 189 2126; x_wconf 91' lang='lat' dir='ltr'>te</span> <span class='ocrx_word' id='word_1_225' title='bbox 223 2076 293 2126; x_wconf 90' lang='lat' dir='ltr'>de</span> <span class='ocrx_word' id='word_1_226' title='bbox 325 2078 565 2126; x_wconf 88' lang='lat' dir='ltr'>amicitia</span> <span class='ocrx_word' id='word_1_227' title='bbox 590 2076 735 2126; x_wconf 92' lang='lat' dir='ltr'>dicta</span> <span class='ocrx_word' id='word_1_228' title='bbox 768 2081 908 2127; x_wconf 89' lang='lat' dir='ltr'>sunt.</span> <span class='ocrx_word' id='word_1_229' title='bbox 966 2089 996 2126; x_wconf 94' lang='lat' dir='ltr'>e</span> <span class='ocrx_word' id='word_1_230' title='bbox 1021 2077 1222 2139; x_wconf 92' lang='lat' dir='ltr'>quibus</span> <span class='ocrx_word' id='word_1_231' title='bbox 1254 2091 1426 2127; x_wconf 92' lang='lat' dir='ltr'>unum</span> <span class='ocrx_word' id='word_1_232' title='bbox 1452 2078 1585 2128; x_wconf 92' lang='lat' dir='ltr'>mihi</span> <span class='ocrx_word' id='word_1_233' title='bbox 1608 2079 1837 2129; x_wconf 90' lang='lat' dir='ltr'>videbar</span> 
     </span>
     <span class='ocr_line' id='line_1_28' title="bbox 135 2150 1837 2216; baseline 0.002 -16"><span class='ocrx_word' id='word_1_234' title='bbox 135 2150 206 2200; x_wconf 92' lang='lat' dir='ltr'>ab</span> <span class='ocrx_word' id='word_1_235' title='bbox 240 2152 361 2212; x_wconf 94' lang='lat' dir='ltr'>ipso</span> <span class='ocrx_word' id='word_1_236' title='bbox 388 2150 620 2213; x_wconf 91' lang='lat' dir='ltr'>Epicuro</span> <span class='ocrx_word' id='word_1_237' title='bbox 647 2151 851 2200; x_wconf 91' lang='lat' dir='ltr'>dictum</span> <span class='ocrx_word' id='word_1_238' title='bbox 883 2164 1233 2214; x_wconf 86' lang='lat' dir='ltr'>cognoscere,</span> <span class='ocrx_word' id='word_1_239' title='bbox 1265 2153 1560 2202; x_wconf 86' lang='lat' dir='ltr'>amicitiam</span> <span class='ocrx_word' id='word_1_240' title='bbox 1585 2167 1619 2203; x_wconf 94' lang='lat' dir='ltr'>a</span> <span class='ocrx_word' id='word_1_241' title='bbox 1641 2153 1837 2216; x_wconf 88' lang='lat' dir='ltr'>volup-</span> 
     </span>
     <span class='ocr_line' id='line_1_29' title="bbox 135 2225 1836 2288; baseline 0.003 -14"><span class='ocrx_word' id='word_1_242' title='bbox 135 2230 246 2275; x_wconf 89' lang='lat' dir='ltr'>tate</span> <span class='ocrx_word' id='word_1_243' title='bbox 279 2239 393 2276; x_wconf 92' lang='lat' dir='ltr'>non</span> <span class='ocrx_word' id='word_1_244' title='bbox 429 2239 595 2287; x_wconf 90' lang='lat' dir='ltr'>posse</span> <span class='ocrx_word' id='word_1_245' title='bbox 630 2225 817 2275; x_wconf 90' lang='lat' dir='ltr'>divelli</span> <span class='ocrx_word' id='word_1_246' title='bbox 851 2225 924 2276; x_wconf 91' lang='lat' dir='ltr'>ob</span> <span class='ocrx_word' id='word_1_247' title='bbox 958 2238 1194 2288; x_wconf 91' lang='lat' dir='ltr'>eamque</span> <span class='ocrx_word' id='word_1_248' title='bbox 1225 2240 1339 2276; x_wconf 89' lang='lat' dir='ltr'>rem</span> <span class='ocrx_word' id='word_1_249' title='bbox 1373 2226 1664 2278; x_wconf 92' lang='lat' dir='ltr'>colendam</span> <span class='ocrx_word' id='word_1_250' title='bbox 1699 2242 1836 2287; x_wconf 91' lang='lat' dir='ltr'>esse,</span> 
     </span>
     <span class='ocr_line' id='line_1_30' title="bbox 134 2293 1833 2363; baseline 0.002 -14"><span class='ocrx_word' id='word_1_251' title='bbox 134 2299 301 2361; x_wconf 91' lang='lat' dir='ltr'>quod,</span> <span class='ocrx_word' id='word_1_252' title='bbox 332 2293 670 2363; x_wconf 77' lang='lat' dir='ltr'>(quoniam)</span> <span class='ocrx_word' id='word_1_253' title='bbox 703 2301 823 2350; x_wconf 92' lang='lat' dir='ltr'>sine</span> <span class='ocrx_word' id='word_1_254' title='bbox 858 2313 923 2350; x_wconf 91' lang='lat' dir='ltr'>ea</span> <span class='ocrx_word' id='word_1_255' title='bbox 965 2305 1082 2350; x_wconf 89' lang='lat' dir='ltr'>tuto</span> <span class='ocrx_word' id='word_1_256' title='bbox 1125 2306 1177 2351; x_wconf 90' lang='lat' dir='ltr'>et</span> <span class='ocrx_word' id='word_1_257' title='bbox 1217 2301 1335 2351; x_wconf 93' lang='lat' dir='ltr'>sine</span> <span class='ocrx_word' id='word_1_258' title='bbox 1379 2306 1529 2352; x_wconf 94' lang='lat' dir='ltr'>metu</span> <span class='ocrx_word' id='word_1_259' title='bbox 1568 2303 1681 2353; x_wconf 89' lang='lat' dir='ltr'>vivi</span> <span class='ocrx_word' id='word_1_260' title='bbox 1721 2317 1833 2354; x_wconf 93' lang='lat' dir='ltr'>non</span> 
     </span>
    </p>
   </div>
   <div class='ocr_carea' id='block_1_10' title="bbox 130 2499 1835 3031">
    <p class='ocr_par' dir='ltr' id='par_1_12' title="bbox 130 2499 1835 3031">
     <span class='ocr_line' id='line_1_31' title="bbox 209 2499 1834 2558; baseline 0.004 -13"><span class='ocrx_word' id='word_1_261' title='bbox 209 2504 228 2544; x_wconf 94' lang='lat'>1</span> <span class='ocrx_word' id='word_1_262' title='bbox 257 2505 342 2546; x_wconf 88' lang='lat' dir='ltr'>sed</span> <span class='ocrx_word' id='word_1_263' title='bbox 374 2506 486 2555; x_wconf 90' lang='lat' dir='ltr'>quid</span> <span class='ocrx_word' id='word_1_264' title='bbox 517 2499 631 2547; x_wconf 84' lang='lat' dir='ltr'>N²v</span> <span class='ocrx_word' id='word_1_265' title='bbox 663 2507 747 2547; x_wconf 86' lang='lat' dir='ltr'>sed</span> <span class='ocrx_word' id='word_1_266' title='bbox 779 2507 906 2556; x_wconf 89' lang='lat' dir='ltr'>quod</span> <span class='ocrx_word' id='word_1_267' title='bbox 938 2500 1193 2548; x_wconf 88' lang='lat' dir='ltr'>ABERN¹</span> <span class='ocrx_word' id='word_1_268' title='bbox 1295 2507 1322 2548; x_wconf 90' lang='lat'>5</span> <span class='ocrx_word' id='word_1_269' title='bbox 1356 2506 1472 2554; x_wconf 88' lang='lat' dir='ltr'>Quis</span> <span class='ocrx_word' id='word_1_270' title='bbox 1505 2519 1681 2558; x_wconf 90' lang='lat' dir='ltr'>quaeso</span> <span class='ocrx_word' id='word_1_271' title='bbox 1713 2508 1834 2551; x_wconf 84' lang='lat' dir='ltr'>Dav.</span> 
     </span>
     <span class='ocr_line' id='line_1_32' title="bbox 132 2562 1834 2619; baseline 0.004 -16"><span class='ocrx_word' id='word_1_272' title='bbox 132 2565 236 2614; x_wconf 91' lang='lat' dir='ltr'>quis</span> <span class='ocrx_word' id='word_1_273' title='bbox 276 2566 408 2614; x_wconf 88' lang='lat' dir='ltr'>quasi</span> <span class='ocrx_word' id='word_1_274' title='bbox 448 2564 584 2606; x_wconf 89' lang='lat' dir='ltr'>ABE</span> <span class='ocrx_word' id='word_1_275' title='bbox 632 2576 748 2615; x_wconf 86' lang='lat' dir='ltr'>quas</span> <span class='ocrx_word' id='word_1_276' title='bbox 786 2567 920 2616; x_wconf 89' lang='lat' dir='ltr'>quasi</span> <span class='ocrx_word' id='word_1_277' title='bbox 953 2566 991 2607; x_wconf 88' lang='lat' dir='ltr'>R</span> <span class='ocrx_word' id='word_1_278' title='bbox 1035 2567 1139 2616; x_wconf 86' lang='lat' dir='ltr'>quis</span> <span class='ocrx_word' id='word_1_279' title='bbox 1174 2564 1237 2607; x_wconf 60' lang='lat' dir='ltr'>na</span> <span class='ocrx_word' id='word_1_280' title='bbox 1278 2562 1360 2616; x_wconf 60' lang='lat' dir='ltr'>(ni</span> <span class='ocrx_word' id='word_1_281' title='bbox 1396 2568 1443 2608; x_wconf 88' lang='grc' dir='ltr'>ἰη</span> <span class='ocrx_word' id='word_1_282' title='bbox 1482 2579 1592 2618; x_wconf 74' lang='lat' dir='ltr'>ras„</span> <span class='ocrx_word' id='word_1_283' title='bbox 1641 2569 1690 2609; x_wconf 88' lang='lat' dir='ltr'>in</span> <span class='ocrx_word' id='word_1_284' title='bbox 1737 2580 1834 2619; x_wconf 80' lang='lat' dir='ltr'>qua</span> 
     </span>
     <span class='ocr_line' id='line_1_33' title="bbox 133 2622 1835 2676; baseline 0.001 -9"><span class='ocrx_word' id='word_1_285' title='bbox 133 2624 276 2667; x_wconf 76' lang='lat' dir='ltr'>hasta</span> <span class='ocrx_word' id='word_1_286' title='bbox 310 2625 444 2675; x_wconf 85' lang='lat' dir='ltr'>infer.</span> <span class='ocrx_word' id='word_1_287' title='bbox 476 2625 569 2666; x_wconf 81' lang='lat' dir='ltr'>litt.</span> <span class='ocrx_word' id='word_1_288' title='bbox 604 2636 633 2675; x_wconf 93' lang='lat' dir='ltr'>q</span> <span class='ocrx_word' id='word_1_289' title='bbox 666 2622 990 2676; x_wconf 72' lang='lat' dir='ltr'>coynoscitur)</span> <span class='ocrx_word' id='word_1_290' title='bbox 1034 2625 1075 2666; x_wconf 92' lang='lat' dir='ltr'>N</span> <span class='ocrx_word' id='word_1_291' title='bbox 1119 2626 1252 2676; x_wconf 86' lang='lat' dir='ltr'>quasi</span> <span class='ocrx_word' id='word_1_292' title='bbox 1285 2627 1389 2676; x_wconf 90' lang='lat' dir='ltr'>quis</span> <span class='ocrx_word' id='word_1_293' title='bbox 1419 2625 1461 2668; x_wconf 90' lang='lat' dir='ltr'>V</span> <span class='ocrx_word' id='word_1_294' title='bbox 1615 2627 1670 2668; x_wconf 92' lang='grc'>10</span> <span class='ocrx_word' id='word_1_295' title='bbox 1701 2627 1835 2669; x_wconf 77' lang='lat' dir='ltr'>fuerit</span> 
     </span>
     <span class='ocr_line' id='line_1_34' title="bbox 132 2683 1833 2737; baseline 0.003 -14"><span class='ocrx_word' id='word_1_296' title='bbox 132 2683 178 2723; x_wconf 88' lang='lat' dir='ltr'>in</span> <span class='ocrx_word' id='word_1_297' title='bbox 222 2684 382 2724; x_wconf 83' lang='lat' dir='ltr'>amicis</span> <span class='ocrx_word' id='word_1_298' title='bbox 425 2685 610 2725; x_wconf 90' lang='lat' dir='ltr'>tuendis</span> <span class='ocrx_word' id='word_1_299' title='bbox 653 2684 736 2725; x_wconf 91' lang='lat' dir='ltr'>BE</span> <span class='ocrx_word' id='word_1_300' title='bbox 899 2685 953 2725; x_wconf 92' lang='grc'>17</span> <span class='ocrx_word' id='word_1_301' title='bbox 998 2684 1210 2735; x_wconf 90' lang='lat' dir='ltr'>Epicurei</span> <span class='ocrx_word' id='word_1_302' title='bbox 1254 2689 1300 2727; x_wconf 90' lang='lat' dir='ltr'>et</span> <span class='ocrx_word' id='word_1_303' title='bbox 1341 2686 1500 2728; x_wconf 87' lang='lat' dir='ltr'>Lamb.</span> <span class='ocrx_word' id='word_1_304' title='bbox 1540 2690 1586 2727; x_wconf 91' lang='lat' dir='ltr'>et</span> <span class='ocrx_word' id='word_1_305' title='bbox 1628 2688 1833 2737; x_wconf 81' lang='lat' dir='ltr'>epicurei</span> 
     </span>
     <span class='ocr_line' id='line_1_35' title="bbox 131 2738 1834 2796; baseline 0.003 -14"><span class='ocrx_word' id='word_1_306' title='bbox 131 2740 173 2782; x_wconf 83' lang='lat' dir='ltr'>A</span> <span class='ocrx_word' id='word_1_307' title='bbox 205 2747 251 2783; x_wconf 90' lang='lat' dir='ltr'>et</span> <span class='ocrx_word' id='word_1_308' title='bbox 271 2744 470 2794; x_wconf 83' lang='lat' dir='ltr'>epicurij</span> <span class='ocrx_word' id='word_1_309' title='bbox 497 2738 561 2785; x_wconf 90' lang='lat' dir='ltr'>N¹</span> <span class='ocrx_word' id='word_1_310' title='bbox 593 2745 797 2794; x_wconf 89' lang='lat' dir='ltr'>epicurei</span> <span class='ocrx_word' id='word_1_311' title='bbox 831 2740 1026 2794; x_wconf 86' lang='lat' dir='ltr'>(epicuri</span> <span class='ocrx_word' id='word_1_312' title='bbox 1050 2741 1105 2795; x_wconf 88' lang='lat' dir='ltr'>E)</span> <span class='ocrx_word' id='word_1_313' title='bbox 1138 2748 1245 2786; x_wconf 88' lang='lat' dir='ltr'>sunt</span> <span class='ocrx_word' id='word_1_314' title='bbox 1267 2744 1354 2786; x_wconf 89' lang='lat' dir='ltr'>BE</span> <span class='ocrx_word' id='word_1_315' title='bbox 1386 2746 1590 2796; x_wconf 89' lang='lat' dir='ltr'>epicurei</span> <span class='ocrx_word' id='word_1_316' title='bbox 1615 2745 1702 2787; x_wconf 89' lang='lat' dir='ltr'>RV</span> <span class='ocrx_word' id='word_1_317' title='bbox 1733 2747 1834 2796; x_wconf 81' lang='lat' dir='ltr'>epi-</span> 
     </span>
     <span class='ocr_line' id='line_1_36' title="bbox 131 2795 1832 2857; baseline 0.004 -16"><span class='ocrx_word' id='word_1_318' title='bbox 131 2802 237 2851; x_wconf 85' lang='lat' dir='ltr'>curij</span> <span class='ocrx_word' id='word_1_319' title='bbox 270 2795 335 2842; x_wconf 84' lang='lat' dir='ltr'>N²</span> <span class='ocrx_word' id='word_1_320' title='bbox 481 2803 535 2843; x_wconf 87' lang='grc'>19</span> <span class='ocrx_word' id='word_1_321' title='bbox 574 2801 676 2853; x_wconf 88' lang='lat' dir='ltr'>sed]</span> <span class='ocrx_word' id='word_1_322' title='bbox 717 2814 768 2845; x_wconf 89' lang='lat' dir='ltr'>se</span> <span class='ocrx_word' id='word_1_323' title='bbox 801 2798 866 2844; x_wconf 90' lang='grc' dir='ltr'>Α1</span> <span class='ocrx_word' id='word_1_324' title='bbox 876 2803 1005 2845; x_wconf 88' lang='lat' dir='ltr'>BER</span> <span class='ocrx_word' id='word_1_325' title='bbox 1149 2804 1206 2845; x_wconf 89' lang='lat'>25</span> <span class='ocrx_word' id='word_1_326' title='bbox 1247 2805 1369 2846; x_wconf 88' lang='lat' dir='ltr'>dicta</span> <span class='ocrx_word' id='word_1_327' title='bbox 1400 2802 1523 2854; x_wconf 92' lang='lat' dir='ltr'>sunt]</span> <span class='ocrx_word' id='word_1_328' title='bbox 1559 2809 1832 2857; x_wconf 81' lang='lat' dir='ltr'>p.28,17—</span> 
     </span>
     <span class='ocr_line' id='line_1_37' title="bbox 130 2861 1832 2916; baseline 0.004 -15"><span class='ocrx_word' id='word_1_329' title='bbox 130 2863 195 2910; x_wconf 85' lang='grc'>30,</span> <span class='ocrx_word' id='word_1_330' title='bbox 219 2865 275 2902; x_wconf 82' lang='grc'>26</span> <span class='ocrx_word' id='word_1_331' title='bbox 408 2861 474 2903; x_wconf 87' lang='lat' dir='ltr'>Ex</span> <span class='ocrx_word' id='word_1_332' title='bbox 507 2863 675 2913; x_wconf 89' lang='lat' dir='ltr'>quibus</span> <span class='ocrx_word' id='word_1_333' title='bbox 707 2863 798 2904; x_wconf 92' lang='lat' dir='ltr'>NV</span> <span class='ocrx_word' id='word_1_334' title='bbox 942 2861 1102 2913; x_wconf 91' lang='lat' dir='ltr'>unum]</span> <span class='ocrx_word' id='word_1_335' title='bbox 1140 2876 1188 2915; x_wconf 86' lang='lat' dir='ltr'>p.</span> <span class='ocrx_word' id='word_1_336' title='bbox 1212 2868 1278 2914; x_wconf 89' lang='lat'>29,</span> <span class='ocrx_word' id='word_1_337' title='bbox 1303 2869 1329 2905; x_wconf 83' lang='lat'><strong><em>4</em></strong></span> <span class='ocrx_word' id='word_1_338' title='bbox 1350 2875 1452 2915; x_wconf 84' lang='lat' dir='ltr'>sqq.</span> <span class='ocrx_word' id='word_1_339' title='bbox 1601 2864 1658 2906; x_wconf 88' lang='grc'>27</span> <span class='ocrx_word' id='word_1_340' title='bbox 1691 2876 1832 2916; x_wconf 85' lang='lat' dir='ltr'>posse</span> 
     </span>
     <span class='ocr_line' id='line_1_38' title="bbox 132 2919 1830 2976; baseline 0.005 -17"><span class='ocrx_word' id='word_1_341' title='bbox 132 2919 288 2961; x_wconf 89' lang='lat' dir='ltr'>diuelli</span> <span class='ocrx_word' id='word_1_342' title='bbox 321 2926 494 2971; x_wconf 85' lang='lat' dir='ltr'>posset.</span> <span class='ocrx_word' id='word_1_343' title='bbox 541 2922 662 2964; x_wconf 88' lang='lat' dir='ltr'>Satis</span> <span class='ocrx_word' id='word_1_344' title='bbox 694 2920 814 2973; x_wconf 85' lang='lat' dir='ltr'>(rell.</span> <span class='ocrx_word' id='word_1_345' title='bbox 829 2934 933 2973; x_wconf 70' lang='lat' dir='ltr'>om„</span> <span class='ocrx_word' id='word_1_346' title='bbox 953 2923 1008 2974; x_wconf 77' lang='lat' dir='ltr'>cf.</span> <span class='ocrx_word' id='word_1_347' title='bbox 1027 2935 1074 2974; x_wconf 87' lang='grc' dir='ltr'>ρ.</span> <span class='ocrx_word' id='word_1_348' title='bbox 1096 2927 1156 2974; x_wconf 83' lang='grc'>70,</span> <span class='ocrx_word' id='word_1_349' title='bbox 1176 2920 1220 2974; x_wconf 89' lang='grc'>1)</span> <span class='ocrx_word' id='word_1_350' title='bbox 1251 2923 1289 2964; x_wconf 86' lang='lat' dir='ltr'>R</span> <span class='ocrx_word' id='word_1_351' title='bbox 1421 2923 1478 2964; x_wconf 89' lang='grc'>28</span> <span class='ocrx_word' id='word_1_352' title='bbox 1511 2926 1623 2966; x_wconf 87' lang='lat' dir='ltr'>add.</span> <span class='ocrx_word' id='word_1_353' title='bbox 1648 2924 1719 2966; x_wconf 86' lang='lat' dir='ltr'>Se.</span> <span class='ocrx_word' id='word_1_354' title='bbox 1752 2921 1830 2976; x_wconf 78' lang='lat' dir='ltr'>(cf.</span> 
     </span>
     <span class='ocr_line' id='line_1_39' title="bbox 132 2978 1311 3031; baseline 0.004 -12"><span class='ocrx_word' id='word_1_355' title='bbox 132 2980 198 3020; x_wconf 86' lang='lat' dir='ltr'>ad</span> <span class='ocrx_word' id='word_1_356' title='bbox 224 2991 272 3030; x_wconf 87' lang='grc' dir='ltr'>ρ.</span> <span class='ocrx_word' id='word_1_357' title='bbox 289 2983 354 3030; x_wconf 85' lang='grc'>31,</span> <span class='ocrx_word' id='word_1_358' title='bbox 371 2978 465 3031; x_wconf 84' lang='lat'><em>25);</em></span> <span class='ocrx_word' id='word_1_359' title='bbox 498 2983 537 3022; x_wconf 89' lang='lat' dir='ltr'>si</span> <span class='ocrx_word' id='word_1_360' title='bbox 569 2983 672 3024; x_wconf 89' lang='lat' dir='ltr'>sine</span> <span class='ocrx_word' id='word_1_361' title='bbox 695 2983 746 3023; x_wconf 92' lang='grc' dir='ltr'>Ρ.</span> <span class='ocrx_word' id='word_1_362' title='bbox 763 2982 891 3023; x_wconf 88' lang='grc' dir='ltr'><strong>Μαη.</strong></span> <span class='ocrx_word' id='word_1_363' title='bbox 925 2993 1028 3024; x_wconf 90' lang='lat' dir='ltr'>cum</span> <span class='ocrx_word' id='word_1_364' title='bbox 1062 2983 1164 3025; x_wconf 86' lang='lat' dir='ltr'>sine</span> <span class='ocrx_word' id='word_1_365' title='bbox 1187 2983 1311 3024; x_wconf 86' lang='lat' dir='ltr'>Mdv.</span> 
     </span>
    </p>
   </div>
   <div class='ocr_carea' id='block_1_11' title="bbox 1854 1972 1926 2021">
    <p class='ocr_par' dir='ltr' id='par_1_13' title="bbox 1854 1972 1926 2021">
     <span class='ocr_line' id='line_1_40' title="bbox 1854 1972 1926 2021; baseline 0 0"><span class='ocrx_word' id='word_1_366' title='bbox 1854 1972 1926 2021; x_wconf 89' lang='lat'>26</span> 
     </span>
    </p>
   </div>
   <div class='ocr_carea' id='block_1_12' title="bbox 1869 2044 1926 2085">
    <p class='ocr_par' dir='ltr' id='par_1_14' title="bbox 1869 2044 1926 2085">
     <span class='ocr_line' id='line_1_41' title="bbox 1869 2044 1926 2085; baseline 0.018 -1"><span class='ocrx_word' id='word_1_367' title='bbox 1869 2044 1926 2085; x_wconf 84' lang='lat'>82</span> 
     </span>
    </p>
   </div>
  </div>
 </body>
</html>
