2046 3138
124 461 179 501 68

125 1231 194 1280 24

124 1304 180 1343 69

127 2466 181 2506 70

218 170 320 236 190
634 160 720 206 DE
752 158 1006 222 FINIBUS
1039 158 1191 206 BON.·
1221 159 1300 205 BT
1332 159 1484 206 MAL.
1598 163 1990 207 Lib.Vc.23—-24

210 298 470 356 volumus
515 326 576 332 —
621 303 849 361 propter
891 311 950 349 se
993 298 1288 360 expetendi
1332 299 1456 349 sint.
1510 299 1663 361 atqui
1702 312 1895 349 eorum

211 371 346 422 nihil
390 378 474 423 est
519 373 638 423 eius
682 372 915 435 generis,
960 377 1021 423 ut
1065 372 1136 424 sit
1179 373 1235 422 in
1277 371 1390 422 fine
1436 377 1602 435 atque
1646 378 1894 423 extremo

211 446 499 497 bonorum.
548 447 626 497 ita
665 446 744 505 fit,
783 451 844 497 ut
883 445 994 496 duo
1033 459 1238 515 genera
1277 451 1503 509 propter
1538 460 1596 497 se
1635 451 1895 509 expeten-

213 520 410 571 dorum
449 521 806 583 reperiantur,
847 535 1033 579 unum,
1073 520 1223 583 quod
1262 526 1347 571 est
1385 521 1440 570 in
1480 521 1562 579 iis,
1599 521 1654 570 in
1697 520 1896 583 quibus

212 594 519 664 completur
558 594 697 644 illud
740 600 1061 653 extremum,
1103 608 1245 657 quae
1287 600 1416 645 sunt
1455 600 1552 645 aut
1593 595 1761 644 animi
1800 601 1896 645 aut
1944 612 1967 646 5

213 669 484 732 corporis3
528 669 664 719 haec
708 674 910 727 autem,
956 682 1097 732 quae
1143 674 1270 719 sunt
1314 669 1670 727 extrinsecus,
1715 669 1771 718 id
1813 675 1897 719 est

212 757 354 806 quae
377 757 555 806 neque
581 744 637 792 in
661 743 846 793 animo
871 743 1060 793 insunt
1084 756 1263 806 neque
1286 743 1342 792 in
1363 756 1607 805 corpore,
1636 748 1696 794 ut
1720 743 1897 800 amici,

212 822 272 868 ut
299 822 570 880 parentes,
600 822 660 868 ut
687 816 858 875 liberi,
885 822 946 868 ut
974 818 1286 880 propinqui,
1314 822 1374 868 ut
1396 818 1520 879 ipsa
1550 817 1742 879 patria,
1771 823 1900 867 sunt

213 890 308 941 illa
351 891 574 954 quidem
622 905 723 942 sua
767 897 965 954 sponte
1011 904 1151 949 cara,
1197 890 1294 941 sed
1340 891 1537 942 eodem
1578 892 1633 940 in
1679 904 1897 954 genere,

213 978 321 1028 quo
350 965 458 1024 illa,
487 979 598 1016 non
627 970 770 1016 sunt.
807 978 908 1016 nec
934 978 1066 1016 vero
1094 979 1358 1028 umquam
1382 979 1659 1015 summum
1690 965 1897 1015 bonum
1926 983 1968 1018 ιο

212 1040 436 1102 assequi
486 1040 778 1102 quisquam
831 1045 1036 1102 posset,
1088 1041 1134 1090 si
1184 1040 1371 1090 omnia
1421 1039 1531 1097 illa,
1582 1053 1723 1102 quae
1771 1045 1899 1090 sunt

213 1119 381 1172 extra,
430 1128 766 1177 quamquam
818 1113 1144 1176 expetenda,
1194 1127 1411 1164 summo
1459 1113 1607 1164 bono
1659 1113 1900 1164 contine-

213 1193 414 1239 rentur.

280 1261 404 1318 Quo
434 1262 604 1313 modo
635 1263 818 1325 igitur,
848 1263 1079 1325 inquies
1109 1276 1302 1313 verum
1332 1276 1456 1312 esse
1487 1263 1688 1325 poterit
1714 1262 1901 1312 omnia

213 1335 403 1387 referri
433 1336 506 1386 ad
540 1350 817 1387 summum
849 1336 1073 1394 bonum,
1105 1336 1150 1386 si
1182 1337 1472 1394 amicitiae,
1505 1337 1550 1386 si
1579 1337 1900 1398 propinqui·
1927 1354 1970 1389 15

213 1416 369 1469 tates,
397 1411 443 1461 si
471 1410 683 1473 reliqua
707 1415 934 1461 externa
959 1423 1177 1461 summo
1205 1410 1352 1461 bono
1379 1422 1491 1460 non
1514 1411 1899 1461 continentur?

213 1484 330 1535 Hac
360 1484 620 1536 videlicet
654 1485 881 1543 ratione,
917 1484 1067 1548 quod
1101 1498 1181 1543 ea,
1219 1498 1359 1547 quae
1393 1490 1620 1535 externa
1651 1490 1794 1542 sunt,
1830 1484 1899 1534 iis

213 1565 430 1610 tuemur
465 1558 688 1618 officiiS,
727 1572 868 1622 quae
904 1559 1155 1610 oriuntur
1190 1573 1223 1609 a
1260 1572 1362 1609 suo
1400 1560 1665 1621 cuiusque
1698 1571 1898 1621 genere

212 1633 448 1684 virtutis.
486 1647 614 1683 nam
646 1639 702 1684 et
728 1634 889 1683 amici
919 1633 1099 1684 cultus
1130 1639 1184 1684 et
1213 1634 1457 1695 parentis
1481 1634 1547 1691 ei,
1580 1633 1672 1696 qui
1704 1632 1898 1683 officio

213 1707 479 1771 fungitur,
510 1709 563 1758 in
599 1722 666 1758 eo
698 1709 822 1770 ipso
856 1708 1100 1770 prodest,
1133 1707 1283 1770 quod
1315 1708 1394 1758 ita
1421 1706 1580 1770 fungi
1614 1706 1809 1757 officio
1843 1707 1898 1756 in
1923 1726 1969 1761 20

215 1788 358 1833 recte
397 1782 560 1833 iactis
601 1788 698 1840 est,
740 1795 881 1845 quae
921 1787 1050 1833 sunt
1089 1787 1211 1832 orta
1252 1778 1355 1848 (a)
1390 1781 1703 1832 virtutibuS.
1758 1794 1899 1843 quae

211 1856 434 1918 quidem
491 1857 771 1919 sapientes
826 1861 1132 1918 sequuntur
1199 1855 1337 1906 duce
1390 1860 1589 1905 natura
1636 1860 1900 1917 tanquam

213 1930 490 1987 videntes;
533 1943 647 1981 non
692 1929 922 1992 perfecti
966 1935 1152 1980 autem
1197 1929 1449 1980 homines
1494 1934 1548 1980 et
1592 1934 1775 1979 tamen
1818 1929 1898 1978 in-

215 2005 392 2067 geniis
434 2003 828 2055 excellentibus
873 2003 1109 2066 praediti
1149 2004 1458 2054 excitantur
1500 2016 1667 2065 saepe
1708 2002 1902 2065 gloria,

216 2092 356 2140 quae
378 2078 544 2130 habet
568 2079 807 2140 speciem
829 2078 1135 2128 honestatis
1157 2082 1211 2128 et
1235 2077 1667 2128 similitudinem.
1702 2076 1900 2139 quodsi
1925 2098 1971 2132 25

214 2154 392 2215 ipsam
416 2152 762 2203 honestatem
788 2151 1033 2214 undique
1056 2151 1358 2214 perfectam
1380 2157 1546 2214 atque
1569 2150 1900 2207 absolutam,

214 2240 327 2277 rem
366 2240 531 2276 unam
573 2225 1071 2289 praeclarissimam
1111 2227 1357 2276 omnium
1396 2225 1743 2288 maximeque
1782 2225 1898 2275 lau-

216 2300 473 2359 dandam,
504 2300 724 2363 penitus
755 2299 1022 2358 viderent,
1052 2313 1292 2362 quonam
1322 2299 1530 2362 gaudio
1563 2298 1900 2362 compleren-

214 2380 315 2433 tur,
341 2388 464 2425 cum
492 2380 779 2437 tantopere
803 2375 923 2424 eius
947 2374 1278 2424 adumbrata
1303 2374 1564 2436 opinione
1589 2373 1899 2424 laetentur?

216 2462 378 2511 quem
417 2449 562 2499 enirn
604 2448 853 2499 deditum
892 2447 1290 2510 voluptatibus,
1330 2461 1492 2510 quem
1533 2447 1898 2510 cupiditatum
1923 2468 1970 2504 30

287 2606 313 2646 7
347 2616 433 2647 nec
465 2607 512 2646 in
552 2608 707 2647 animo
739 2606 823 2646 BE
976 2606 1030 2646 10
1068 2614 1286 2655 umquam
1317 2605 1359 2646 N
1397 2614 1600 2655 unquam
1634 2604 1675 2645 V
1713 2605 1901 2653 inquam

211 2665 340 2707 BER
473 2665 522 2705 11
558 2667 635 2706 illa
666 2677 756 2707 om.
788 2665 871 2706 BE
1003 2664 1056 2705 19
1089 2666 1133 2706 ei
1166 2663 1246 2707 Or.
1279 2668 1324 2706 et
1450 2664 1504 2705 21
1539 2665 1651 2705 add.
1683 2663 1841 2704 Lamb.

211 2725 267 2765 22
300 2726 536 2776 sapientes
574 2728 828 2775 sequuntur
866 2726 984 2766 duce
1023 2727 1183 2764 natura
1222 2728 1441 2774 tanquam
1473 2724 1685 2764 videntes
1716 2721 1787 2762 Se.
1828 2732 1900 2762 sa-

212 2784 392 2833 pientes
417 2787 598 2826 utentes
623 2787 876 2834 sequuntur
901 2785 1018 2825 duce
1042 2787 1203 2824 natura
1226 2787 1444 2833 tanquam
1462 2779 1643 2824 BERV
1665 2779 1901 2830 sapientes

211 2845 397 2917 virtxtes
430 2845 616 2916 (rtXab
642 2860 726 2900 alt.
752 2871 810 2900 m.
837 2860 885 2899 in
909 2855 1026 2910 ras.)
1052 2861 1304 2908 sequuntur
1328 2858 1445 2898 duce
1475 2859 1636 2898 natura
1667 2859 1900 2906 tamquam

210 2931 265 2972 N.
324 2927 478 2974 ‘Latet
508 2934 693 2983 aliquid
722 2933 1019 2975 huiusmodi:
1050 2943 1171 2982 quae
1203 2932 1389 2982 quidem
1421 2932 1658 2980 sapientes
1688 2931 1901 2971 videntes

211 2995 463 3040 sequuntur
494 2992 613 3032 duce
644 2995 806 3032 natura
837 3002 939 3032 eam
970 2987 1111 3032 viam'
1144 2992 1269 3032 Mdv.
