2046 3138
0 0 3 78 1

0 81 3 103 Ι

0 131 2 168 ¹
55 136 83 188 ς
109 139 254 180 9-13
571 133 656 180 DE
689 133 942 181 FlNIBUS
977 132 1126 181 BON.
1161 133 1238 179 ET
1272 133 1424 180 MAL.
1774 141 1841 191 37

0 244 2 291 ι
217 277 303 328 An
338 282 532 341 potest,
574 277 749 340 inquit
782 275 886 334 ille,
929 276 1224 339 quicquam
1260 290 1383 327 esse
1416 276 1642 326 suavius
1676 290 1842 339 quam
1877 258 1910 306 4

143 352 276 402 nihil
311 351 535 403 dolere?
1880 329 1928 370 ¹¹

216 427 388 478 Immo
415 428 483 478 sit
507 440 641 478 sane
666 426 799 476 nihil
827 425 1037 485 melius,
1072 427 1296 489 inquam
1325 451 1393 458 —-
1420 426 1668 478 nondum
1696 427 1842 478 enim

143 502 196 552 id
232 516 437 565 quaero
473 527 557 561 -‚
590 516 722 552 num
758 505 1046 564 propterea
1082 501 1228 552 idem
1253 500 1512 564 voluptas
1546 506 1641 561 est,
1676 501 1843 565 quod,

96 592 119 627 5
144 582 201 627 ut
234 578 308 627 ita
340 577 534 636 dicam,
569 576 907 627 indolentia?

215 651 382 703 Plane
408 652 569 711 idem,
597 652 785 715 inquit,
813 655 865 702 et
890 652 1131 701 maxima
1149 651 1388 714 quidem,
1416 666 1526 715 qua
1551 652 1665 703 fieri
1693 652 1844 703 nulla

141 728 315 778 maior
348 732 542 790 potest.

216 800 362 857 Quid
405 802 623 852 dubitas
658 802 832 866 igitur,
875 802 1116 864 inquam,
1157 815 1375 852 summo
1417 802 1566 853 bono
1601 815 1635 851 a
1674 806 1728 852 te
1770 802 1843 851 ita

141 877 451 936 constitutO,
500 882 558 927 ut
598 876 653 927 id
693 881 868 927 totum
903 877 957 926 in
998 891 1109 927 non
1153 876 1395 927 dolendo
1431 877 1512 935 sit,
1561 876 1616 926 id
1657 881 1842 927 tenere

74 965 117 1001 10
141 966 326 1010 unum,
368 952 423 1002 id
456 953 606 1010 tueri,
648 952 702 1001 id
737 951 1068 1002 defendere?
1123 951 1255 1015 quid
1297 952 1443 1002 enim
1483 965 1712 1002 necesse
1747 956 1842 1011 est,
1879 960 1933 1001 12

140 1031 423 1089 tamquam
450 1028 787 1077 meretricem
814 1027 868 1076 in
896 1031 1265 1077 matronarum
1294 1032 1527 1086 coetum,
1554 1027 1632 1076 sic
1648 1025 1844 1089 volup-

140 1105 307 1151 tatem
364 1102 418 1151 in
466 1103 725 1152 virtutum
775 1102 1066 1152 concilium
1117 1101 1428 1152 adducere?
1506 1101 1841 1153 invidiosum

140 1190 343 1226 nomen
379 1181 481 1235 est,
524 1176 747 1235 infame,
790 1181 1121 1239 suspectum.
1178 1177 1364 1239 itaque
1397 1176 1504 1227 hoc
1536 1176 1844 1240 frequenter

140 1250 245 1300 dici
280 1251 420 1301 solet
453 1265 485 1301 a
508 1251 685 1310 vobiS,
718 1266 830 1302 non
865 1251 1181 1315 intellegere
1206 1265 1324 1310 nOS,
1359 1265 1526 1314 quarn
1553 1251 1698 1301 dicat
1722 1251 1843 1315 Epi-

73 1338 115 1373 15
141 1339 299 1375 curus
323 1326 683 1389 voluptatem.
731 1326 882 1389 quod
909 1326 1133 1389 quidem
1160 1325 1293 1376 mihi
1320 1327 1364 1376 si
1392 1326 1615 1389 quando
1636 1326 1841 1377 dictum

141 1405 222 1450 est
249 1425 317 1432 -
345 1406 427 1451 est
460 1406 643 1452 autem
679 1401 883 1451 dictum
909 1415 1021 1452 non
1048 1415 1239 1464 parum
1267 1415 1435 1463 saepe
1462 1427 1547 1460 —,
1583 1402 1683 1452 etsi
1710 1402 1841 1452 satis

139 1475 380 1526 clemens
407 1490 529 1526 sum
557 1477 611 1526 in
639 1476 990 1538 disputando,
1015 1481 1200 1527 tamen
1227 1476 1499 1526 interdum
1526 1476 1681 1527 soleo
1716 1477 1842 1527 sub-

138 1551 309 1601 irasci.
367 1565 546 1614 egone
579 1565 692 1602 non
719 1551 995 1615 intellego,
1029 1551 1161 1614 quid
1188 1552 1256 1601 sit
1279 1545 1455 1615 ἡδονή
1489 1550 1711 1610 Graece,
1745 1551 1843 1602 La-

138 1626 249 1675 tine
274 1625 623 1688 voluptas?
663 1630 837 1676 utram
857 1626 1081 1676 tandem
1107 1626 1353 1690 linguam
1372 1627 1599 1678 nescio?
1639 1626 1842 1678 deinde

68 1712 114 1747 20
138 1701 231 1762 qui
265 1700 337 1759 fit,
371 1705 429 1750 ut
462 1715 567 1764 ego
602 1702 860 1760 nesciam,
895 1702 1068 1752 sciant
1102 1715 1311 1761 omnes
1353 1702 1688 1765 quicumque
1721 1701 1843 1765 Epi-

139 1775 282 1825 curei
317 1789 440 1826 esse
473 1775 803 1826 voluerunt?
860 1776 1011 1839 quod
1043 1777 1207 1827 vestri
1251 1775 1476 1839 quidem
1508 1776 1598 1827 vel
1633 1777 1842 1840 optime

138 1849 432 1912 disputant,
467 1850 599 1899 nihil
629 1865 769 1913 opus
797 1864 919 1901 esse
947 1865 1087 1910 eum,
1115 1852 1208 1914 qui
1236 1850 1604 1914 philosophus
1631 1851 1841 1903 futurus

137 1925 218 1984 sit,
263 1925 399 1975 scire
445 1925 662 1976 litteras,
719 1926 905 1988 itaque
950 1931 1008 1976 ut
1054 1927 1290 1977 maiores
1334 1927 1504 1977 nostri
1549 1926 1619 1977 ab
1665 1932 1840 1979 aratro

137 1999 482 2050 adduxerunt
527 1998 909 2050 Cincinnatum
956 2000 1123 2059 illum,
1176 2006 1234 2051 ut
1283 2001 1513 2052 dictator
1558 2007 1717 2061 esset,
1764 2004 1842 2053 sic

67 2085 112 2120 23
136 2087 239 2124 vos
273 2074 343 2124 de
377 2075 534 2138 pagis
569 2075 826 2125 omnibus
861 2075 1115 2139 colligitis
1141 2076 1321 2127 bonos
1355 2075 1479 2127 illos
1506 2076 1730 2139 quidem
1763 2079 1842 2127 vi-

136 2162 239 2207 rOS,
290 2149 387 2199 sed
434 2154 576 2200 certe
620 2164 732 2200 non
782 2150 1136 2212 pereruditOS.
1205 2165 1335 2214 ergo
1391 2150 1465 2201 illi
1518 2151 1842 2216 intellegunt
1878 2161 1932 2202 13

136 2223 268 2286 quid
302 2221 563 2286 Epicurus
607 2224 766 2283 dicat,
808 2238 912 2288 ego
955 2239 1067 2276 non
1110 2225 1409 2289 intellego?
1471 2230 1530 2276 ut
1569 2227 1710 2277 scias
1752 2243 1841 2280 me

135 2297 465 2362 intellegere,
493 2300 727 2361 primum
754 2299 900 2350 idem
928 2314 1051 2351 esse
1077 2300 1201 2351 dico
1226 2301 1661 2363 voluptatem,
1689 2304 1840 2365 quod

139 2372 228 2423 ille
259 2367 486 2436 ἡδονήν.
544 2378 596 2424 et
629 2374 853 2437 quidem
888 2389 1056 2437 saepe
1090 2377 1404 2438 quaerimus
1436 2376 1667 2427 verbum
1702 2377 1841 2428 Lati-

65 2460 111 2495 30
136 2461 267 2496 num
311 2462 408 2510 par
442 2447 653 2499 Graeco
697 2454 749 2499 et
790 2449 940 2512 quod
982 2450 1127 2500 idern
1168 2450 1371 2511 valeat;
1424 2450 1512 2501 hic
1551 2451 1685 2502 nihil
1728 2453 1839 2512 fuit,

136 2522 286 2584 quod
333 2537 736 2585 quaereremus
819 2523 1028 2574 nullum
1082 2526 1311 2576 inveniri
1355 2526 1585 2578 verbum
1644 2533 1838 2590 potest,

138 2596 289 2658 quod
324 2599 501 2660 magis
535 2598 681 2648 idem
717 2598 955 2649 declaret
988 2599 1192 2659 Latine,
1227 2602 1378 2664 quod
1413 2601 1636 2661 Graece,
1671 2617 1837 2665 quam

136 2670 374 2721 declarat
397 2672 723 2735 voluptas.
766 2674 893 2723 huic
908 2675 1078 2725 verbo
1107 2689 1315 2735 omnes,
1343 2678 1435 2739 qui
1462 2677 1668 2740 ubique
1695 2684 1835 2737 sunt,

210 2788 229 2829 1
267 2790 342 2830 ille
376 2791 524 2840 inquit
555 2790 638 2831 BE
787 2791 840 2833 13
874 2790 1157 2843 suspectum]
1192 2795 1450 2835 subiectum
1484 2795 1521 2836 R
1666 2795 1717 2836 21
1755 2807 1836 2837 vo-

132 2847 296 2888 luerint
327 2848 410 2890 BE
532 2850 589 2891 22
623 2851 933 2901 philosophus
967 2853 1045 2902 qui
1079 2852 1253 2894 futurus
1286 2855 1344 2895 sit
1376 2854 1418 2894 A
1451 2851 1528 2906 (cf.
1554 2855 1771 2897 Iw.Mae.
1796 2856 1838 2895 ΙΙ

130 2918 176 2956 ρ.
203 2911 254 2948 10
283 2906 402 2959 sq.),·
442 2910 519 2959 qui
553 2910 727 2951 futurus
759 2912 817 2952 sit
858 2912 1166 2962 philosophus
1198 2913 1280 2953 BE
1427 2914 1482 2954 25
1517 2915 1650 2964 pagis
1683 2916 1784 2956 cod.
1814 2921 1832 2955 1

135 2965 305 3008 Eliens.
330 2967 529 3019 Davisii,
568 2969 604 3010 T
605 2972 763 3012 arneb.
790 2973 1034 3014 adversar.
1059 2972 1186 3022 IV8,·
1220 2973 1369 3024 plagis
