2046 3138
233 132 335 184 132
444 164 446 167 .
650 126 736 171 DE
768 124 1022 172 FINIBUS
1054 125 1204 172 BON.
1237 125 1317 172 ET
1349 126 1501 173 MAL.
1599 132 1768 174 Lib.1V
1785 133 2009 175 c.11—13

228 268 355 314 sunt
388 263 443 313 in
479 277 723 326 corpore,
763 269 824 315 ut
855 263 1010 315 nullo
1047 264 1233 323 modo,
1266 265 1372 315 nisi
1411 270 1471 315 ut
1503 265 1752 328 exposui,
1790 279 1916 316 con-

228 337 380 388 stitui
418 338 596 400 possit
633 337 765 388 finis
806 337 1095 389 bonorum.
1144 337 1489 403 Chrysippus
1529 344 1714 390 autem
1750 353 1918 402 expo-

225 425 362 462 nens
397 411 747 462 differentias
780 412 1144 463 animantium
1182 412 1260 463 ait
1291 412 1431 463 alias
1468 426 1656 463 earum
1691 427 1919 476 corpore

226 485 507 544 excellere,
542 485 681 536 alias
718 491 903 537 autem
943 487 1145 545 animO,
1179 500 1292 538 non
1330 486 1513 538 nullas
1547 487 1732 538 valere
1771 493 1917 539 utra-

227 573 333 622 que
370 573 453 617 re;
493 559 694 611 deinde
739 560 1003 623 disputat,
1043 560 1193 623 quod
1237 562 1503 624 cuiusque
1539 562 1759 624 generis
1802 564 1917 612 ani·
1963 578 1986 612 5

226 634 495 685 mantium
535 634 703 685 statui
745 634 937 685 deceat
981 640 1302 686 extremum.
1354 649 1477 685 cum
1520 641 1705 687 autem
1743 635 1918 686 homi-

225 721 350 758 nem
385 709 439 758 in
474 722 540 759 eo
579 721 781 772 genere
815 709 1111 772 posuisset,
1148 715 1209 760 ut
1240 710 1290 760 ei
1328 709 1600 760 tribueret
1622 711 1790 760 animi
1826 723 1918 760 ex-

227 782 551 842 cellentiam,
588 797 866 833 summum
902 783 1110 834 bonum
1151 783 1208 833 id
1245 784 1543 842 constituit,
1582 798 1692 834 non
1728 790 1788 834 ut
1827 798 1918 834 ex-

226 856 421 907 cellere
457 857 691 916 animu8,
730 857 828 908 sed
870 862 931 908 ut
965 857 1102 908 nihil
1141 871 1265 908 esse
1301 863 1517 920 praeter
1557 859 1802 908 animum
1837 860 1917 909 vi-

144 938 207 986 12
228 931 462 982 deretur.
504 945 616 982 uno
659 937 845 982 autem
888 931 1058 982 modo
1101 932 1156 982 in
1210 932 1413 983 virtute
1467 931 1589 983 sola
1637 946 1912 983 summum
1944 951 1987 986 ιο

138 1239 194 1280 29

136 2132 191 2173 30

225 1005 430 1056 bonum
474 1011 619 1057 recte
662 1011 974 1069 poneretur,
1023 1007 1070 1058 si
1114 1006 1265 1069 quod
1310 1012 1459 1058 esset
1499 1007 1718 1066 animal,
1767 1007 1915 1070 quod

225 1085 400 1131 totum
437 1093 504 1131 ex
539 1085 722 1131 mente
762 1085 1054 1139 constaret,
1090 1080 1147 1131 id
1186 1081 1370 1144 ipsum
1404 1087 1589 1132 tamen
1630 1082 1721 1140 sic,
1757 1087 1815 1132 ut
1851 1095 1918 1132 ea

225 1168 381 1205 mens
421 1154 558 1204 nihil
599 1154 828 1206 haberet
873 1155 928 1205 in
972 1168 1045 1213 se,
1092 1154 1242 1217 quod
1283 1160 1430 1207 esset
1477 1155 1780 1206 secundum
1820 1170 1916 1206 na-

228 1234 422 1286 turam,
445 1234 506 1280 ut
528 1227 781 1280 valitudo
805 1234 904 1280 est.
941 1228 1038 1279 sed
1062 1229 1118 1279 id
1144 1242 1211 1280 ne
1230 1230 1460 1293 cogitari
1486 1229 1709 1292 quidem
1731 1235 1914 1293 potest

226 1302 388 1366 quale
421 1304 505 1362 sit,
538 1309 599 1354 ut
634 1317 746 1354 non
779 1309 1051 1367 repugnet
1085 1304 1269 1367 ipsum
1303 1304 1422 1355 sibi.
1942 1324 1985 1358 15

297 1376 393 1427 Sin
416 1377 548 1428 dicit
566 1377 851 1428 obscurari
878 1377 1154 1441 quaedam
1172 1391 1274 1428 nec
1295 1391 1580 1441 apparere,
1601 1379 1732 1441 quia
1752 1378 1919 1428 valde

226 1465 400 1514 parva
437 1452 560 1510 sint,
599 1465 703 1503 nos
747 1465 968 1514 quoque
1006 1451 1386 1510 concedimus;
1429 1451 1578 1514 quod
1619 1453 1750 1503 dicit
1790 1451 1916 1515 Epi-

225 1539 389 1576 curus
410 1527 576 1576 etiam
597 1525 666 1577 de
690 1525 996 1589 voluptate,
1015 1540 1163 1589 quae
1181 1527 1441 1577 minimae
1462 1527 1571 1577 sint
1583 1526 1918 1590 voluptates,

224 1613 320 1651 eas
343 1600 628 1651 obscurari
651 1614 818 1663 saepe
847 1605 902 1651 et
922 1600 1097 1650 obrui.
1137 1600 1235 1651 sed
1257 1614 1369 1651 non
1398 1602 1603 1651 suntin
1628 1614 1696 1652 eo
1717 1614 1917 1663 genere

225 1679 411 1725 tantae
444 1674 868 1725 commoditates
903 1675 1150 1737 corporis
1188 1680 1421 1738 tamque,
1445 1674 1749 1738 productae
1784 1681 1983 1734 tem-20

225 1749 454 1810 poribus
509 1754 734 1811 tamque
789 1748 1011 1799 multae.
1082 1749 1269 1811 itaque
1323 1750 1379 1799 in
1439 1749 1640 1812 quibus
1691 1755 1917 1812 propter

223 1836 414 1873 eorum
453 1823 812 1885 exiguitatem
851 1823 1168 1873 obscuratio
1213 1824 1582 1886 consequitur,
1621 1837 1788 1886 saepe
1828 1837 1916 1874 ac-

225 1896 370 1955 cidit,
398 1902 459 1948 ut
484 1896 620 1946 nihil
653 1897 919 1947 interesse
945 1902 1137 1947 nostra
1167 1896 1456 1955 fateamur,
1485 1897 1594 1948 sint
1625 1897 1720 1947 illa
1745 1911 1916 1948 necne

225 1971 347 2028 sint,
372 1976 433 2021 ut
457 1971 512 2021 in
544 1970 676 2029 sole,
702 1970 851 2034 quod
881 1984 915 2020 a
939 1976 991 2021 te
1022 1970 1320 2029 dicebatur,
1346 1971 1625 2021 lucernam
1653 1972 1915 2023 adhibere

223 2044 355 2095 nihil
396 2045 623 2096 interest
662 2050 758 2096 aut
800 2045 1108 2095 teruncium
1146 2044 1364 2095 adicere
1406 2044 1594 2096 Croesi
1633 2047 1913 2108 pecuniae.
1936 2070 1981 2106 ᾖ

225 2119 425 2182 quibus
460 2125 645 2170 autem
683 2120 738 2169 in
778 2118 943 2169 rebus
979 2124 1134 2169 tanta
1172 2119 1488 2170 obscuratio
1523 2133 1635 2170 non
1675 2119 1755 2178 fit,
1791 2119 1913 2171 fieri

224 2199 408 2244 tamen
460 2198 659 2256 potest,
711 2198 773 2244 ut
829 2192 886 2242 id
937 2194 1137 2255 ipsum,
1194 2192 1343 2255 quod
1374 2194 1636 2252 interest,
1680 2208 1792 2244 non
1843 2195 1913 2245 sit

223 2281 504 2330 magnum.
552 2272 612 2318 ut
649 2267 715 2325 ei,
759 2267 852 2329 qui
890 2267 1129 2317 iucunde
1169 2267 1367 2318 vixerit
1403 2281 1580 2318 annos
1624 2267 1828 2327 decem,
1867 2270 1911 2319 si

223 2355 398 2405 aeque
421 2342 538 2393 vita
560 2341 803 2391 iucunda
831 2346 1116 2392 menstrua
1138 2341 1391 2400 addatur,
1422 2342 1550 2404 quia
1573 2348 1914 2393 momentum

223 2415 451 2478 aliquod
488 2415 691 2466 habeat
728 2414 800 2465 ad
843 2415 1145 2465 iucundum
1183 2416 1444 2474 accessiO,
1485 2415 1692 2466 bonum
1730 2417 1824 2474 sit;
1867 2418 1911 2466 si
1935 2442 1981 2477 30

300 2596 320 2636 1
356 2599 405 2636 ut
435 2592 579 2644 nullo]
614 2598 660 2636 et
690 2595 816 2636 nullo
848 2594 931 2635 BE
1023 2595 1050 2636 5
1083 2596 1382 2635 animantium
1415 2595 1498 2636 BE
1530 2595 1714 2637 anima—‘r
1743 2596 1781 2637 R
1813 2597 1910 2636 ani-

224 2657 389 2696 mantis
421 2654 512 2697 NV
618 2654 645 2694 8
678 2655 903 2696 excellere
934 2654 1064 2696 BER
1095 2655 1339 2696 excelleret
1370 2654 1461 2696 NV
1571 2655 1624 2696 14
1655 2668 1715 2699 ne
1747 2656 1795 2696 id
1825 2652 1910 2695 BE

300 2715 354 2755 16
387 2716 496 2756 dicit
527 2716 669 2755 etiam
701 2714 784 2754 BE
931 2714 988 2755 22
1021 2725 1178 2755 eorum
1203 2715 1253 2756 P.
1271 2715 1397 2755 Man.
1425 2726 1578 2755 earum
1729 2715 1787 2755 24
1811 2715 1911 2755 sole

221 2775 263 2816 V
294 2775 440 2816 solem
544 2770 686 2824 quod]
722 2775 799 2823 qui
832 2773 915 2814 BE
1013 2771 1264 2823 dicebatur]
1295 2786 1343 2825 ρ.
1363 2778 1452 2824 106,
1472 2779 1524 2815 17
1535 2786 1664 2825 sqq..
1743 2774 1801 2814 25
1834 2778 1912 2814 aut

221 2834 309 2876 RN
339 2838 389 2875 ut
419 2834 501 2875 BE
533 2831 575 2873 A
599 2832 641 2874 V
738 2832 796 2873 26
820 2833 872 2873 fit
895 2834 933 2874 R
956 2834 1080 2874 Mdv.
1105 2834 1163 2874 sit
1262 2833 1320 2874 30
1344 2835 1404 2874 ad
1427 2834 1676 2874 iucundum
1703 2835 1910 2875 accessio

221 2894 378 2935 Lamb.
412 2894 471 2934 ad
503 2893 751 2933 iocundum
785 2894 1101 2934 accessionem
1133 2893 1225 2934 RN
1234 2887 1248 2911 ¹
1283 2893 1343 2933 ad
1374 2893 1560 2933 iocundi
1594 2895 1908 2935 accessionem

222 2947 335 2994 N²v
367 2954 427 2994 ad
458 2953 704 2993 iocundam
738 2953 1054 2993 accessionem
1087 2951 1189 2992 BE,
