2046 3138
144 587 201 627 53

239 146 343 196 110
463 209 465 212 v
658 138 742 184 DE
774 137 1030 185 FINIBUS
1063 136 1213 184 BON.
1246 137 1325 183 ET
1357 137 1510 184 MAL.
1610 140 2019 185 Lib.111c.16—17

235 281 608 338 nominentur;
643 293 785 342 quae
809 278 898 330 vel
932 280 1006 329 ita
1038 278 1381 342 appellemus
1408 303 1478 311 —-
1504 279 1559 329 id
1586 280 1682 329 erit
1704 279 1932 330 verbum

238 369 268 405 e
299 355 469 405 verbo
512 379 582 386 —
621 353 710 404 vel
757 359 1053 416 promota
1097 358 1150 404 et
1193 358 1438 404 remota
1477 353 1582 412 vel,
1626 359 1684 404 ut
1724 354 1932 405 dudum

234 425 486 487 diximuS,
522 429 902 491 praeposita
932 428 1021 478 vel
1057 429 1432 491 praecipua,
1466 433 1518 478 et
1551 427 1643 478 illa
1675 430 1932 480 reiecta.

234 517 289 554 re
316 505 461 554 enim
487 502 764 554 intellecta
789 503 843 552 in
860 503 1152 554 verborum
1178 517 1282 553 usu
1301 502 1487 553 faciles
1507 516 1630 553 esse
1649 503 1931 555 debemus,

236 579 497 641 quoniam
524 582 708 628 autem
735 591 914 636 omne,
948 577 1098 640 quod
1126 582 1207 627 est
1231 577 1456 636 bonum,
1489 578 1722 639 primum
1747 578 1930 629 locum
1978 589 2001 623 5

235 657 420 703 tenere
447 652 693 711 dicimuS,
726 666 956 703 necesse
983 657 1064 702 est
1089 666 1192 702 nec
1216 651 1425 703 bonurn
1453 666 1575 702 esse
1600 666 1704 703 nec
1727 652 1934 702 malum

235 727 356 787 hoe,
409 727 559 791 quod
613 728 985 789 praepositum
1028 726 1118 777 vel
1163 727 1516 789 praecipuum
1568 728 1935 778 nominamus,

235 801 402 865 idque
436 803 511 851 ita
544 801 860 860 definimus;
894 801 1045 864 quod
1077 802 1146 851 sit
1178 800 1492 852 indifferens
1527 815 1650 851 curn
1683 803 1936 852 aestima-

235 877 385 927 tione
410 876 696 934 mediocri;
723 876 873 939 quod
893 877 1038 926 enim
1065 875 1140 926 illi
1163 868 1477 939 ἀδιάφορον
1495 875 1694 934 dicunt,
1719 876 1775 926 id
1800 876 1933 926 mihi

147 1012 151 1016 ι
236 952 310 1001 ita
336 951 576 1009 occurrit,
609 955 669 1001 ut
692 950 1086 1001 indifferens
1121 951 1373 1001 dicerem.
1420 965 1603 1013 neque
1630 952 1774 1001 enim
1801 950 1934 1001 illud
1962 961 2006 996 10

147 1331 203 1372 54

235 1025 350 1076 fieri
383 1030 596 1088 poterat
628 1025 740 1076 ullo
768 1026 953 1084 modo,
986 1030 1045 1076 ut
1069 1024 1202 1075 nihil
1227 1024 1619 1088 relinqueretur
1643 1026 1698 1075 in
1723 1025 1935 1084 mediiS,

236 1100 386 1162 quod
420 1104 514 1151 aut
538 1100 843 1150 secundum
869 1105 1119 1150 naturam
1147 1104 1292 1150 esset
1317 1104 1411 1149 aut
1435 1104 1636 1159 contra,
1661 1114 1777 1159 nee,
1811 1114 1935 1150 cum

236 1174 290 1224 id
324 1174 729 1238 relinqueretur,
762 1174 896 1224 nihil
937 1176 994 1224 in
1026 1174 1110 1224 his
1144 1176 1292 1237 poni,
1333 1174 1484 1237 quod
1518 1176 1648 1225 satis
1682 1176 1935 1225 aestima-

235 1248 345 1299 bile
379 1254 537 1308 esset,
579 1263 682 1299 nec
714 1249 821 1300 hoc
854 1250 1034 1311 posito
1068 1263 1182 1300 non
1223 1248 1409 1312 aliqua
1450 1263 1574 1300 esse
1607 1250 1934 1312 praeposita.

236 1328 379 1374 recte
419 1325 579 1387 igitur
622 1323 760 1374 haec
803 1323 945 1374 facta
989 1323 1262 1374 distinctio
1306 1328 1401 1382 est,
1445 1328 1611 1386 atque
1656 1325 1819 1374 etiam
1864 1324 1935 1374 ab
1962 1334 2006 1369 15

237 1400 317 1457 iis,
351 1413 462 1461 quo
496 1397 707 1448 facilius
741 1412 825 1448 res
860 1399 1094 1461 perspici
1129 1399 1317 1461 possit,
1351 1398 1458 1449 hoc
1489 1397 1667 1449 simile
1700 1399 1934 1460 ponitur:

236 1472 307 1522 Ut
340 1473 500 1532 enim,
534 1473 801 1535 inquiunt,
834 1474 879 1522 si
913 1472 1020 1524 hoc
1051 1473 1326 1536 fingamus
1358 1486 1480 1523 esse
1507 1474 1665 1535 quasi
1690 1472 1857 1523 finem
1885 1477 1938 1523 et

236 1547 502 1606 ultimum,
529 1548 603 1597 ita
627 1548 804 1598 iacere
829 1547 1014 1606 talum,
1040 1552 1099 1597 ut
1121 1552 1296 1598 rectus
1316 1547 1558 1606 adsistat,
1584 1548 1678 1610 qui
1696 1548 1771 1597 ita
1795 1547 1937 1597 talus

238 1623 334 1672 erit
366 1623 553 1680 iactus,
594 1626 653 1672 ut
697 1622 857 1672 cadat
889 1627 1080 1681 rectuS,
1123 1623 1497 1684 praepositum
1538 1621 1802 1685 quiddam
1844 1622 1938 1672 ha-

237 1696 388 1747 bebit
412 1696 483 1746 ad
509 1696 691 1755 finem,
719 1697 811 1759 qui
837 1696 1004 1755 aliter,
1031 1701 1232 1755 contra,
1257 1710 1440 1759 neque
1465 1701 1650 1747 tamen
1676 1696 1769 1746 illa
1786 1710 1938 1758 prae-
1961 1705 2007 1740 20

238 1772 438 1833 positio
473 1771 566 1821 tali
593 1771 662 1821 ad
690 1785 831 1830 eum,
866 1785 1031 1834 quem
1058 1771 1184 1830 dixi,
1217 1771 1384 1821 finem
1419 1771 1722 1833 pertinebit,
1755 1772 1834 1820 sic
1859 1784 1939 1829 ea,

161 1857 166 1859 ’
204 1842 206 1844 ’
239 1859 382 1908 quae
415 1850 542 1896 sunt
575 1847 902 1908 praeposita,
935 1845 1234 1896 referuntur
1266 1845 1360 1895 illa
1392 1845 1616 1908 quidem
1651 1845 1721 1895 ad
1754 1845 1938 1903 finem,

149 1927 204 1968 55

239 1920 337 1970 sed
370 1920 441 1970 ad
475 1921 592 1970 eius
624 1921 737 1970 vim
771 1924 1135 1982 naturamque
1167 1919 1302 1969 nihil
1336 1920 1619 1982 pertinent.
1683 1918 1939 1982 Sequitur

238 1994 331 2044 illa
363 1994 576 2052 divisio,
610 1999 669 2044 ut
700 1994 972 2045 bonorum
1006 1994 1114 2043 alia
1139 1995 1246 2044 sint
1271 1994 1340 2044 ad
1367 1993 1500 2044 illud
1526 1993 1778 2044 ultimum
1797 2008 1940 2056 per-

238 2070 519 2119 tinentia
551 2064 650 2131 (sic
676 2069 821 2119 enim
849 2068 1085 2132 appello,
1121 2082 1264 2131 quae
1295 2061 1480 2116 τελικά
1504 2068 1775 2127 dicuntur;
1807 2083 1936 2119 nam
1961 2078 2006 2112 25

237 2144 344 2194 hoc
384 2145 565 2206 ipsum
607 2144 970 2202 instituamuS,
1011 2148 1070 2193 ut
1112 2143 1329 2205 placuit,
1369 2143 1615 2206 pluribus
1647 2143 1827 2193 verbis
1861 2142 1939 2192 di-

240 2231 374 2276 cere,
409 2218 559 2280 quod
593 2232 704 2268 uno
731 2232 844 2271 non
878 2219 1192 2280 poterimus,
1226 2222 1284 2267 ut
1309 2231 1392 2267 res
1418 2212 1799 2280 intellegatur),
1832 2217 1940 2267 alia

240 2297 423 2342 autem
458 2292 847 2351 efficientia,
889 2306 1032 2354 quae
1067 2291 1260 2343 Graeci
1291 2285 1557 2355 ποιητικά,
1600 2291 1708 2342 alia
1739 2296 1940 2341 utrum-

241 2380 363 2429 que.
420 2366 489 2417 de
523 2367 918 2429 pertinentibus
943 2366 1075 2416 nihil
1111 2372 1192 2416 est
1225 2366 1433 2417 bonum
1461 2370 1671 2428 praeter
1688 2366 1939 2416 actiones

240 2441 517 2499 honestaS,
552 2441 621 2491 de
656 2441 1017 2491 efficientibus
1050 2440 1184 2490 nihil
1218 2445 1428 2503 praeter
1459 2441 1711 2499 amicum,
1755 2440 1853 2490 sed
1888 2444 1940 2490 et
1963 2450 2010 2485 30

241 2516 600 2577 pertinentem
629 2519 681 2566 et
707 2515 1033 2566 efficientem
1060 2516 1387 2577 sapientiam
1405 2514 1600 2565 volunt
1626 2528 1762 2565 esse.
1810 2528 1938 2564 narn

241 2590 373 2652 quia
405 2590 676 2652 sapientia
709 2594 790 2640 est
823 2589 1159 2640 conveniens
1194 2590 1350 2648 actio,
1385 2594 1467 2640 est
1496 2583 1624 2652 (in)
1657 2588 1748 2639 illo
1782 2588 1939 2651 perti-

317 2737 343 2777 ‘1
377 2738 689 2787 praepositum
723 2739 827 2778 edd.
862 2738 1146 2787 propositum
1251 2737 1304 2778 13
1336 2738 1448 2778 satis
1479 2748 1569 2777 om.
1602 2735 1645 2776 A
1746 2735 1801 2775 14
1835 2745 1939 2775 esse

239 2796 290 2838 P.
315 2796 443 2838 Man.
475 2800 599 2838 esset
751 2796 810 2837 20
846 2798 924 2846 qui
957 2796 1087 2837 aliter
1117 2799 1276 2838 contra
1306 2797 1410 2837 edd.
1445 2795 1639 2845 qualiter
1670 2795 1749 2844 qui
1782 2797 1939 2834 contra

241 2854 330 2896 AR
355 2856 434 2906 qui
466 2856 596 2897 aliter
620 2857 699 2906 qui
726 2858 884 2896 contra
908 2855 1092 2897 BENV
1182 2856 1239 2896 27
1271 2866 1366 2896 uno
1391 2856 1520 2903 dett„
1546 2865 1635 2894 om.
1657 2852 1939 2894 ABERNV

315 2914 368 2955 31
405 2915 681 2964 sapientiam
715 2917 828 2957 dett.
861 2916 1120 2965 sapientem
1228 2915 1286 2956 32
1320 2917 1390 2956 est
1421 2915 1467 2953 in
1501 2913 1578 2954 illo
1609 2912 1729 2954 Dav.
1767 2915 1836 2953 est
1861 2913 1938 2953 illo

243 2968 496 3015 ABERN¹
527 2977 597 3015 est
629 2986 731 3015 cum
765 2974 843 3014 illo
876 2968 940 3015 N²
971 2985 1073 3015 cum
1107 2975 1185 3015 illo
1218 2974 1259 3015 V
