2046 3138
26 105 316 157 §105-108
528 98 614 143 DE
646 95 900 143 lessus
934 94 1083 142 BON.
1119 95 1196 140 ET
1231 94 1382 140 MAL.
1744 101 1807 151 31

116 243 492 294 moenimenta
516 240 623 289 mei
652 250 911 302 peperere
938 231 1188 288 labores?
1231 236 1534 287 Laboribus
1556 236 1644 286 hic
1666 248 1818 299 prae-

117 317 284 368 teritis
325 315 544 379 gaudet,
592 319 648 363 tu
690 313 847 363 iubes
886 312 1280 375 voluptatibus,
1326 316 1379 362 et
1418 311 1506 362 hic
1546 325 1606 362 se
1639 310 1708 361 ad
1752 321 1819 361 ea

118 395 353 449 revocat,
396 404 426 440 e
467 389 666 452 quibus
708 386 842 437 nihil
886 399 1150 449 umquam
1192 386 1452 437 rettulerit
1491 387 1562 437 ad
1604 399 1818 448 corpuS,

119 472 176 516 tu
221 470 367 516 totus
402 465 594 514 haeres
627 464 682 512 in
717 475 958 524 corpore.
1838 496 1910 547 33

71 552 95 586 5
193 540 328 590 Illud
363 544 546 589 autem
580 539 761 601 ipsum
795 538 888 599 qui
923 537 1155 598 optineri
1190 540 1385 598 potest,
1419 535 1570 599 quod
1605 535 1796 593 dicitis,
1825 568 1909 609 10⁷

120 616 299 666 omnis
326 614 494 664 animi
522 617 574 663 et
589 612 903 674 voluptates
923 616 975 661 et
1001 610 1220 662 dolores
1246 610 1317 660 ad
1343 612 1585 674 corporis
1602 609 1798 672 volup-

119 694 256 740 tates
291 702 356 738 ac
380 687 600 739 dolores
627 687 931 749 pertinere?
982 685 1190 736 nihilne
1214 690 1268 735 te
1294 685 1529 736 delectat
1554 692 1819 747 umquam

120 788 190 796 —-
214 762 396 820 video,
431 763 653 824 quicum
687 761 881 823 loquar
906 785 991 818 -—,
1025 765 1078 810 te
1103 761 1278 823 igitur,
1312 759 1603 823 Torquate,
1638 761 1819 822 ipsum

121 852 215 901 per
248 851 307 887 se
340 836 475 886 nihil
509 835 780 886 delectat?
843 836 1035 886 omitto
1078 834 1416 898 dignitatem,
1457 835 1820 891 honestatem.

55 921 98 957 10
121 913 363 975 speciem
407 912 584 973 ipsam
628 911 903 968 virtutum,
948 910 1018 959 de
1062 910 1262 972 quibus
1310 914 1438 960 ante
1478 909 1682 959 dictum
1726 913 1821 966 est,

120 987 258 1037 haec
282 986 492 1036 leviora
516 998 743 1047 ponam:
779 987 994 1047 poema,
1029 985 1334 1035 orationem
1362 998 1485 1034 cum
1512 989 1607 1034 aut
1631 983 1821 1034 scribis

121 1066 215 1112 aut
247 1061 400 1124 legiS,
441 1074 565 1110 cum
600 1060 847 1110 omnium
882 1059 1161 1118 tactorum,
1203 1073 1327 1109 cum
1366 1061 1656 1123 regionum
1696 1072 1823 1108 con-

121 1137 288 1199 quiris
322 1135 619 1192 historiam,
660 1135 894 1197 signum‚
936 1133 1138 1192 tabula,
1179 1133 1334 1184 locus
1367 1147 1652 1192 amoenuS‚
1693 1132 1823 1190 ludi,

120 1211 359 1268 venatio,
402 1208 534 1259 villa
567 1208 775 1258 Luculli
810 1233 880 1240 --
913 1222 1042 1258 nam
1084 1210 1128 1258 si
1165 1203 1354 1258 ‘tuam'
1396 1209 1649 1267 dicerem,
1694 1207 1824 1257 late-

55 1295 99 1330 15
123 1286 276 1336 bram
308 1284 563 1341 haberes;
598 1283 669 1333 ad
704 1297 901 1345 corpus
936 1283 1144 1333 diceres
1178 1285 1446 1346 pertinere
1480 1307 1565 1342 -,
1606 1282 1705 1333 sed
1743 1295 1824 1340 ea,

123 1373 267 1424 quae
300 1359 426 1417 dixi,
460 1358 531 1408 ad
565 1371 838 1420 corpusne
870 1357 1070 1408 refers?
1110 1371 1181 1407 an
1215 1362 1297 1416 est
1328 1357 1552 1421 aliquid,
1586 1357 1737 1420 quod
1771 1362 1824 1407 te

122 1448 224 1485 sua
263 1438 462 1496 sponte
503 1432 780 1483 delectet?
835 1437 935 1482 aut·
962 1434 1428 1495 pertinacissimus
1469 1432 1649 1491 fueriS,
1690 1433 1735 1482 si
1769 1433 1823 1481 in

123 1523 190 1560 eo
225 1508 519 1572 perstiteris
557 1507 628 1557 ad
669 1521 867 1569 corpus
909 1521 990 1566 ea,
1024 1521 1168 1570 quae
1205 1507 1331 1566 dixi,
1371 1507 1565 1566 referri,
1606 1511 1701 1557 aut
1733 1507 1826 1557 de-

123 1584 354 1634 serueris
388 1587 560 1633 totam
593 1581 807 1644 Epicuri
839 1582 1198 1644 voluptatem,
1232 1583 1277 1632 si
1310 1583 1614 1645 negaveris,

53 1667 100 1703 20
199 1655 364 1713 Quod
388 1671 520 1708 vero
556 1670 589 1706 a
621 1662 673 1707 te
699 1657 1037 1719 disputatum
1072 1661 1153 1707 est
1185 1658 1420 1707 maiores
1455 1670 1578 1707 esse
1608 1656 1805 1719 volup·
1831 1660 1918 1702 108

122 1738 261 1783 tates
296 1737 349 1783 et
382 1731 600 1782 dolores
634 1732 802 1781 animi
836 1745 1003 1794 quam
1038 1733 1295 1794 corporiS,
1336 1733 1467 1794 quia
1498 1732 1658 1781 trium
1691 1736 1826 1781 tem-

123 1821 319 1870 porum
354 1808 624 1869 particeps
658 1807 875 1855 animus
909 1807 991 1864 sit,
1037 1820 1264 1868 corpore
1297 1811 1481 1856 autem
1516 1807 1827 1869 praesentia

124 1882 304 1933 solum
331 1883 647 1939 sentiantur,
683 1882 776 1943 qui
806 1881 860 1930 id
896 1880 1111 1943 probari
1138 1885 1333 1943 potest,
1367 1885 1426 1930 ut
1450 1882 1511 1939 is,
1546 1882 1639 1943 qui
1666 1894 1827 1943 prop-

124 1962 203 2008 ter
235 1970 324 2007 me
358 1956 567 2018 aliquid
601 1955 855 2018 gaudeat,
898 1954 1021 2017 plus
1055 1968 1222 2018 quam
1257 1969 1362 2018 ego
1397 1957 1517 2018 ipse
1549 1955 1827 2019 gaudeat?

56 2039 102 2075 23
126 2027 335 2093 [animo
368 2030 627 2093 voluptas
661 2030 825 2080 oritur
859 2034 1078 2092 propter
1107 2029 1450 2092 voluptatem
1481 2031 1739 2092 corporis,
1774 2034 1828 2080 et

120 2107 299 2156 -maior
325 2110 408 2156 est
432 2106 599 2155 animi
625 2104 885 2167 voluptas
912 2117 1079 2167 quam
1106 2106 1364 2167 corporis,
1419 2106 1495 2154 ita
1519 2104 1592 2163 fit,
1626 2109 1684 2154 ut
1709 2117 1827 2168 gra-

126 2180 324 2231 tulator
364 2180 556 2230 laetior
596 2180 664 2229 sit
697 2192 864 2241 quam
898 2180 958 2237 is,
1001 2180 1087 2229 cui
1121 2172 1458 2242 gratulatur]
1527 2178 1652 2237 Sed,
1694 2179 1826 2228 dum

147 2347 150 2350 ⁴
203 2342 222 2382 l
261 2343 575 2383 moenimenta
606 2341 717 2382 RKI.
752 2342 1037 2383 monimenta
1068 2341 1251 2383 AERN
1284 2345 1585 2383 monumenta
1609 2341 1698 2382 BV
1731 2353 1829 2382 mu-

126 2402 334 2442 nimenta
363 2402 483 2442 Mur.
524 2398 653 2451 (Var.
678 2402 782 2442 lect.
806 2401 870 2442 XI
894 2398 937 2450 1)
1118 2412 1342 2451 peperere
1374 2401 1456 2442 BE
1504 2412 1747 2452 repperere
1787 2401 1830 2442 A

128 2471 336 2510 reperere
368 2460 461 2501 NV
504 2461 701 2510 reperire
732 2460 771 2502 R
923 2461 949 2501 5
983 2458 1150 2517 dicitis]
1185 2473 1237 2517 p.
1262 2466 1327 2516 24,
1355 2466 1544 2518 {5122
1567 2457 1644 2511 (-
1656 2458 1828 2516 relerri)

202 2519 230 2560 6
262 2520 322 2561 ad
354 2521 559 2569 corporis
590 2517 853 2570 voluptates
886 2531 940 2561 ac
973 2517 1158 2562 dolores
1190 2533 1279 2562 om.
1314 2514 1396 2561 BE
1490 2515 1515 2561 7
1549 2518 1620 2570 ac]
1655 2524 1701 2562 et
1732 2520 1770 2562 R

128 2579 304 2620 nihilne
337 2576 399 2628 te]
442 2579 584 2620 nichil
624 2582 733 2620 tene
764 2579 847 2620 BE
1002 2578 1051 2620 11
1091 2591 1262 2630 ponam
1303 2582 1473 2631 poema
1511 2582 1625 2624 dett.
1662 2591 1832 2630 poema

129 2649 300 2688 ponam
326 2638 510 2679 ABEN
542 2641 708 2688 postea
740 2648 912 2689 ponam
936 2639 979 2681 V
1010 2651 1182 2690 ponam
1215 2636 1325 2690 (om.
1353 2637 1541 2691 poema)
1574 2640 1612 2681 R
1726 2649 1830 2680 cum

127 2695 222 2747 aut]
257 2701 335 2738 aut
366 2709 469 2739 cum
503 2697 585 2738 BE
695 2698 750 2738 14
782 2698 957 2740 Luculli
982 2701 1103 2741 dett.
1136 2700 1275 2742 lucilli
1383 2699 1437 2740 17
1470 2700 1518 2741 in
1551 2710 1608 2740 eo
1642 2698 1833 2740 ARNV

126 2769 218 2799 om.
237 2757 319 2798 BE
425 2757 480 2798 18
506 2757 657 2799 referri
675 2758 833 2800 Lamb.
860 2759 1023 2801 referre
1067 2756 1070 2760 ⁴
1127 2759 1185 2800 20
1210 2760 1490 2809 disputatum
1518 2756 1604 2808 est]
1632 2770 1680 2812 ρ.
1697 2763 1763 2808 24,
1780 2762 1835 2799 22

129 2813 237 2865 (uec
269 2818 331 2858 ob
364 2815 487 2868 eam)
522 2821 638 2858 -30
775 2818 832 2859 23
866 2819 944 2868 qui
984 2819 1032 2860 id
1063 2818 1100 2859 B
1142 2819 1254 2869 quid
1292 2819 1340 2859 id
1371 2818 1406 2859 E
1439 2819 1551 2868 quid
1583 2817 1774 2860 ARNV

130 2875 187 2917 24
220 2877 324 2926 plus
355 2888 494 2927 quam
527 2887 618 2927 ego
651 2878 753 2927 ipse
785 2878 988 2928 gaudeat
1019 2877 1054 2919 E
1085 2876 1175 2919 Om.
1209 2878 1450 2919 ABRNV
1565 2878 1643 2919 ·25
1677 2878 1834 2919 animo

130 2935 343 2985 voluptas
464 2937 713 2987 gratulatur
745 2933 806 2987 (υ.
831 2935 903 2980 27)
937 2939 1026 2979 del.
1052 2938 1201 2979 Brem.
1588 2943 1590 2945 ’
1643 2944 1646 2948 ’

209 3010 293 3047 Cic.
319 3012 364 3047 43
1508 3016 1534 3058 6
