2046 3138
215 150 317 200 182
424 168 426 170 v
633 141 718 187 DE
751 141 1003 188 FINIBUS
1036 141 1185 201 BON.
1219 142 1297 188 ET
1331 141 1482 188 MAL.
1597 146 1988 188 Lib.Vc.19—2o

210 294 332 332 esse
382 295 448 331 ea
498 286 725 344 propter
772 294 832 332 se
877 281 1205 344 expetenda,
1258 281 1408 345 quod
1456 281 1610 332 nulla
1658 282 1895 333 utilitate

211 355 426 406 obiecta
462 355 802 406 delectentur
836 356 1006 406 animi
1041 361 1206 418 atque
1241 355 1364 418 ipsa
1402 356 1643 414 scientia,
1679 356 1893 406 etiamsi

123 439 174 480 51
211 429 691 480 incommodatura
742 430 827 488 sit,
880 429 1178 492 gaudeant.
1231 429 1340 480 Sed
1393 429 1526 493 quid
1580 430 1775 480 attinet
1828 429 1896 481 de

211 503 375 554 rebus
410 508 521 554 tam
557 504 763 567 apertis
797 503 958 568 plura
989 504 1304 568 requirere?
1348 504 1455 567 ipsi
1488 504 1633 555 enim
1669 517 1897 567 quaera-

211 591 334 627 mus
389 591 423 627 a
477 577 639 629 nobis
694 577 978 629 stellarum
1033 583 1218 629 motus
1291 578 1896 642 contemplationesque

212 664 393 703 rerum
444 651 763 703 caelestium
813 665 1115 716 eorumque
1165 653 1428 711 omnium,
1477 666 1618 721 quae
1668 657 1898 703 naturae

213 725 547 777 obscuritate
585 725 942 784 occultantur,
982 727 1326 789 cognitiones
1363 740 1525 789 quem
1560 726 1633 776 ad
1670 725 1897 777 modum

212 813 314 850 nos
347 805 623 859 moveant,
658 805 711 851 et
744 800 877 864 quid
908 800 1140 853 historia
1174 800 1422 858 delectet,
1455 814 1620 863 quam
1653 799 1898 852 solemus

213 874 469 937 persequi
501 888 678 938 usque
712 874 783 925 ad
815 880 1136 933 extremum,
1170 870 1365 940 <cum>
1398 874 1789 937 praetermissa
1819 888 1899 925 re-

213 948 467 1010 petimus
500 948 759 1000 inchoata
790 949 1189 1013 persequimur.
1230 962 1332 1001 nec
1359 962 1492 1000 vero
1527 963 1650 1001 sum
1680 948 1899 1000 nescius
1926 964 1970 999 10

126 1036 181 1076 52
213 1035 336 1074 esse
359 1022 653 1075 utilitatem
679 1023 734 1073 in
757 1023 1003 1081 historia,
1027 1037 1138 1074 non
1163 1022 1332 1074 modo
1355 1022 1718 1086 voluptatem.
1752 1022 1900 1085 quid,

214 1110 336 1146 cum
371 1096 533 1148 fictas
567 1096 804 1156 fabulas,
835 1111 866 1149 e
891 1097 1091 1160 quibus
1122 1096 1332 1150 utilitas
1365 1096 1519 1147 nulla
1548 1096 1670 1149 elici
1702 1102 1900 1160 potest,

215 1184 337 1220 cum
375 1170 664 1236 voluptate
703 1170 980 1235 legimus?
1029 1171 1177 1234 quid,
1216 1185 1339 1223 cum
1377 1171 1638 1222 volumus
1674 1171 1902 1222 nomina

214 1258 421 1304 eorum,
460 1246 553 1308 qui
593 1244 725 1308 quid
762 1246 1049 1308 gesserint,
1085 1251 1218 1297 nota
1255 1245 1416 1296 nobis
1452 1259 1590 1304 esse,
1628 1250 1900 1308 parentes,

214 1319 466 1381 patriam,
511 1319 687 1370 multa
733 1325 1018 1383 praeterea
1061 1320 1286 1370 minime
1344 1319 1695 1371 necessaria?
1753 1319 1900 1382 quid,
1929 1335 1971 1370 15

217 1393 366 1456 quod
398 1393 650 1444 homines
685 1394 880 1444 infima
911 1394 1151 1452 fortuna,
1181 1393 1335 1444 nulla
1369 1407 1467 1456 spe
1498 1407 1678 1444 rerum
1710 1406 1903 1456 geren·

216 1467 428 1526 darum,
452 1467 686 1531 opifices
711 1468 949 1531 denique
974 1467 1316 1519 delectantur
1337 1468 1607 1519 historia?
1639 1467 1903 1518 maxime-

217 1555 322 1604 que
359 1555 456 1593 eos
492 1542 682 1593 videre
718 1556 1019 1606 possumus
1054 1556 1141 1593 res
1178 1547 1366 1605 gestas
1403 1541 1595 1592 audire
1630 1547 1684 1593 et
1719 1541 1902 1605 legere

216 1615 374 1675 velle,
424 1617 516 1679 qui
566 1630 599 1666 a
648 1630 746 1679 spe
792 1616 1021 1680 gerendi
1071 1616 1274 1667 absunt
1322 1615 1558 1667 confecti
1607 1621 1902 1667 senectute.

218 1695 475 1759 quocirca
527 1694 773 1758 intellegi
828 1708 1054 1746 necesse
1106 1700 1190 1746 est
1242 1695 1297 1744 in
1337 1695 1474 1758 ipsis
1528 1694 1707 1752 rebus,
1762 1708 1903 1757 quae
1929 1707 1974 1741 20

219 1767 506 1820 discuntur
537 1774 591 1820 et
624 1774 1048 1833 cognoscuntur,
1081 1770 1443 1820 invitamenta
1473 1769 1669 1828 inesse,
1705 1768 1904 1832 quibus

130 1853 186 1895 53
218 1842 289 1893 ad
333 1842 659 1894 discendum
703 1843 1262 1907 cognoscendumque
1302 1857 1641 1894 moveamur.
1691 1843 1774 1893 Ac
1812 1856 1905 1893 ve-

219 1921 362 1968 teres
402 1917 625 1980 quidem
667 1917 986 1981 philosophi
1025 1917 1080 1967 in
1119 1917 1406 1968 beatorum
1447 1916 1643 1968 insulis
1683 1916 1905 1979 fingunt

221 1991 399 2053 qualis
451 1991 640 2042 futura
693 1991 763 2042 sit
812 1991 928 2042 vita
978 1991 1326 2054 sapientium,
1381 2005 1521 2054 quos
1573 2004 1703 2041 cura
1754 1991 1903 2042 omni

220 2064 497 2124 liberatos,
543 2065 757 2115 nullum
803 2066 1176 2116 necessarium
1220 2066 1369 2116 vitae
1414 2065 1620 2116 cultum
1668 2070 1764 2116 aut
1809 2079 1904 2128 pa·
1929 2078 1975 2112 25

220 2144 396 2190 ratum
431 2140 772 2202 requirentis,
804 2139 939 2190 nihil
971 2139 1122 2190 aliud
1153 2153 1276 2191 esse
1307 2144 1528 2190 acturos
1559 2145 1768 2202 putant,
1798 2139 1904 2190 nisi

220 2218 280 2265 ut
322 2227 485 2265 omne
528 2219 748 2277 tempus
789 2214 1119 2278 inquirendo
1161 2227 1227 2264 ac
1268 2213 1533 2265 discendo
1575 2214 1630 2263 in
1673 2219 1903 2265 naturae

221 2288 536 2351 cognitione
575 2293 917 2339 consumant.
967 2287 1084 2339 Nos
1121 2293 1305 2339 autem
1341 2302 1453 2339 non
1493 2288 1673 2339 solum
1710 2287 1905 2338 beatae

220 2362 374 2413 vitae·
399 2362 562 2413 istam
595 2375 718 2413 esse
748 2361 1173 2413 oblectationem
1202 2361 1473 2420 videmuS,
1507 2361 1605 2412 sed
1635 2362 1800 2412 etiam
1831 2361 1906 2412 le-

296 2549 323 2590 5
355 2547 399 2600 a]
434 2561 461 2592 e
492 2550 638 2593 RNV
789 2550 815 2591 7
848 2551 1141 2601 cognitiones
1175 2561 1311 2600 quem
1345 2550 1404 2592 ad
1436 2550 1622 2590 modum
1654 2541 1720 2591 N²
1750 2549 1909 2598 cogni-

221 2609 467 2659 tionesque
491 2610 740 2651 admodum
854 2609 881 2649 9
914 2611 1025 2651 add.
1057 2609 1129 2652 Se.
1239 2609 1292 2650 12
1325 2609 1428 2650 elici
1453 2611 1566 2650 dett.
1601 2609 1689 2649 diei
1721 2607 1910 2650 BERN

223 2668 327 2708 duci
358 2668 401 2710 V
524 2668 579 2709 14
610 2672 852 2719 gesserunt
881 2669 919 2710 R
1036 2669 1089 2709 16
1122 2669 1302 2709 infirma
1333 2667 1419 2709 BE
1545 2667 1598 2708 17
1632 2668 1913 2708 delectentur

222 2727 368 2768 RNV
461 2727 515 2768 18
549 2739 639 2778 que
671 2740 760 2769 om.
793 2728 831 2770 R
921 2728 974 2769 21
1004 2730 1362 2770 invita—menta
1393 2725 1589 2778 (lineola
1615 2729 1662 2769 et
1684 2730 1731 2767 ta
1750 2728 1911 2778 poste-

223 2787 322 2827 rius
362 2788 422 2828 ab
456 2789 540 2828 alt.
574 2800 631 2828 m.
665 2800 767 2837 scr„
799 2790 846 2828 ta
878 2789 925 2828 in
960 2784 1076 2838 ras.)
1119 2788 1161 2828 N
1207 2788 1350 2828 invIta
1393 2790 1546 2827 mente
1583 2785 1665 2826 BE
1707 2778 1913 2837 invitalet

224 2849 377 2886 mente
408 2846 446 2887 R
478 2847 524 2886 in
556 2847 650 2888 vita
682 2850 881 2889 mentem
914 2847 956 2888 V
1046 2847 1103 2888 24
1135 2847 1283 2889 futura
1316 2846 1522 2888 Clericus
1553 2842 1640 2895 (ad
1669 2844 1912 2886 Aeschinis

223 2904 411 2946 Axioch.
438 2903 535 2956 17),·
565 2910 726 2947 natura
821 2906 878 2947 25
909 2909 988 2948 aut
1019 2909 1286 2957 apparatum
1319 2906 1476 2948 Lamb.
1596 2903 1654 2945 26
1685 2914 1790 2945 esse
1820 2915 1910 2944 om.

223 2963 310 3002 BE
429 2964 486 3006 27
519 2963 746 3016 infirendo
777 2965 812 3007 E
843 2966 891 3007 in
923 2966 1159 3016 querendo
1190 2964 1283 3007 RV
1314 2963 1600 3015 inquerendo
1632 2963 1674 3003 N
