2046 3138
115 871 169 911 38

207 137 309 187 174
431 169 433 171 ,
623 127 710 175 DE
742 127 995 175 FINIBUS
1028 125 1178 175 ΒοΝ.
1210 126 1290 173 ET
1321 126 1473 175 MAI.
1587 130 1980 174 mavum—14
2045 104 2046 107 ’

202 282 305 319 suo
346 281 547 331 genere
587 267 916 319 laudabiles
966 281 1032 318 ea
1069 268 1216 318 enim
1258 267 1374 318 vita
1413 266 1703 329 expetitur,
1743 278 1885 329 quae

204 342 275 393 sit
327 342 497 392 animi
552 342 911 405 corporisque
963 340 1184 404 expleta
1234 340 1548 399 virtutibus,
1602 341 1658 390 in
1711 353 1889 403 eoque

203 430 480 466 summum
520 415 729 466 bonum
768 416 901 478 poni
939 429 1165 467 necesse
1201 420 1301 474 est,
1342 413 1793 478 quandoquidem
1832 414 1888 464 id

203 489 312 541 tale
342 504 465 541 esse
497 489 675 548 debet,
704 495 765 541 ut
793 504 974 541 rerum
1006 489 1439 552 expetendarum
1471 489 1541 540 sit
1568 494 1889 540 extremum.

203 577 314 627 quo
355 564 577 627 cognito
620 564 861 615 dubitari
899 578 1012 614 non
1052 569 1250 627 potest,
1287 564 1439 626 quin,
1480 577 1603 614 cum
1643 563 1751 625 ipsi
1791 561 1888 612 ho·
1939 575 1962 608 5
2042 589 2046 621 1

201 639 378 690 mines
414 638 517 689 sibi
553 638 664 690 sint
697 652 794 701 per
828 652 887 689 se
921 643 976 690 et
1009 652 1112 689 sua
1145 643 1344 701 sponte
1378 638 1504 696 cari,
1534 643 1720 700 partes
1753 650 1888 700 quo·
2042 634 2046 639 “

202 726 310 776 que
347 717 402 764 et
442 713 689 775 corporis
727 718 781 764 et
818 712 987 763 animi
1026 717 1082 763 et
1118 725 1308 763 earum
1347 725 1544 770 rerum,
1584 724 1726 774 quae
1749 716 1889 762 {sunt

204 787 260 837 in
302 788 591 850 utriusque
632 790 788 838 motu
829 792 883 838 et
924 791 1087 845 statu,
1131 801 1234 838 sua
1275 786 1501 838 caritate
1543 785 1796 836 colantur
1835 790 1890 835 et

205 874 301 923 per
340 874 399 912 se
437 861 595 924 ipsae
631 866 980 924 appetantur.
1029 860 1245 917 Quibus
1283 860 1552 923 expositis
1590 859 1770 910 facilis
1806 864 1891 910 est

203 936 517 987 coniectura
546 949 612 986 ea
641 936 881 986 maxime
908 949 1033 986 esse
1061 935 1374 998 expetenda
1403 948 1471 985 ex
1499 935 1719 992 nostris,
1750 946 1890 996 quae
1918 946 1961 980 ιο

203 1009 502 1073 plurimum
533 1010 739 1061 habent
772 1009 1075 1073 dignitatis,
1105 1015 1166 1060 ut
1195 1010 1440 1072 optimae
1472 1009 1738 1071 cuiusque
1768 1021 1892 1071 par-

203 1084 289 1143 tis,
313 1098 455 1147 quae
480 1098 577 1147 per
601 1098 659 1135 se
681 1089 987 1148 expetatur,
1011 1085 1188 1135 virtus
1211 1084 1282 1135 sit
1303 1082 1615 1146 expetenda
1637 1081 1891 1132 maxime.

205 1159 282 1209 ita
322 1157 436 1217 fiet,
478 1164 538 1210 ut
577 1159 746 1209 animi
785 1158 962 1209 virtus
1003 1158 1252 1221 corporis
1292 1157 1481 1208 virtuti
1521 1161 1893 1220 anteponatur

206 1233 486 1295 animique
537 1233 771 1284 virtutes
824 1247 936 1284 non
988 1231 1334 1283 voluntarias
1384 1232 1609 1283 vincant
1660 1231 1893 1281 virtutes

205 1306 568 1366 voluntariae,
599 1321 742 1370 quae
774 1307 998 1370 quidem
1029 1307 1251 1370 proprie
1279 1307 1511 1357 virtutes
1543 1304 1895 1368 appellantur
1921 1319 1964 1352 15

204 1381 550 1444 multumque
592 1380 884 1439 excellunt,
925 1386 1222 1444 propterea
1262 1379 1413 1443 quod
1454 1393 1524 1430 ex
1562 1379 1775 1429 ratione
1814 1379 1895 1441 gi-

204 1461 463 1518 gnuntur,
513 1470 622 1518 qua
668 1455 804 1505 nihil
853 1461 936 1506 est
985 1456 1040 1505 in
1086 1455 1310 1506 homine
1359 1453 1617 1504 divinius,
1691 1453 1893 1503 etenim

206 1533 454 1583 omnium
493 1546 690 1591 rerum,
731 1545 870 1595 quas
909 1537 963 1582 et
1001 1536 1148 1582 creat
1186 1536 1384 1581 natura
1421 1535 1475 1581 et
1513 1534 1710 1588 tuetur,
1751 1542 1893 1592 quae

205 1611 303 1657 aut
345 1607 463 1657 sine
505 1607 691 1657 animo
734 1611 862 1656 sunt
903 1611 1000 1657 aut
1044 1601 1225 1672 <non>
1266 1604 1442 1656 multo
1483 1618 1658 1662 secus
1702 1617 1891 1668 earum

206 1695 484 1731 summum
524 1681 732 1731 bonum
771 1681 827 1731 in
867 1693 1097 1743 corpore
1135 1685 1233 1738 est,
1273 1684 1334 1730 ut
1370 1692 1484 1730 non
1521 1679 1716 1729 inscite
1753 1677 1891 1727 illud
1918 1689 1963 1724 20

206 1754 414 1806 dictum
462 1755 719 1806 videatur
766 1755 822 1805 in
870 1767 984 1812 sue,
1031 1754 1277 1804 animum
1326 1752 1406 1803 illi
1453 1752 1652 1816 pecudi
1702 1751 1893 1803 datum

125 1835 188 1884 14
207 1842 308 1892 pro
345 1829 475 1888 sale,
511 1843 580 1879 ne
615 1829 928 1892 putisceret.
974 1833 1103 1879 sunt
1137 1833 1322 1879 autem
1357 1827 1568 1878 bestiae
1604 1825 1892 1890 quaedam,

115 2419 170 2458 39

207 1904 262 1953 in
298 1903 498 1966 quibus
534 1904 677 1954 inest
710 1902 921 1966 aliquid
957 1902 1136 1953 simile
1169 1901 1405 1960 virtutiS,
1439 1906 1501 1952 ut
1532 1901 1588 1950 in
1624 1900 1892 1958 leonibus,

205 1983 264 2028 ut
318 1978 372 2027 in
426 1977 672 2036 canibus,
725 1977 781 2027 in
836 1977 1009 2039 equis,
1061 1977 1115 2026 in
1170 1975 1370 2038 quibus
1427 1988 1538 2025 non
1598 1987 1891 2036 corporum

206 2051 402 2110 solum,
444 2057 505 2102 ut
546 2052 602 2101 in
643 2051 852 2109 suibus,
894 2050 992 2102 sed
1035 2051 1200 2101 etiam
1242 2050 1553 2100 animorum
1594 2048 1782 2112 aliqua
1821 2061 1890 2098 ex
1916 2060 1961 2095 25

206 2130 361 2188 parte
416 2131 601 2176 motus
660 2125 934 2188 quosdam
988 2124 1260 2175 videmus.
1315 2125 1371 2174 in
1427 2123 1650 2174 homine
1704 2128 1890 2173 autem

206 2213 423 2251 summa
457 2200 638 2251 omnis
675 2200 845 2250 animi
879 2204 964 2250 est
998 2204 1052 2250 et
1087 2199 1143 2249 in
1177 2199 1364 2249 animo
1400 2198 1646 2256 rationis
1682 2210 1750 2248 ex
1781 2210 1890 2259 qua

203 2274 381 2325 virtus
431 2279 532 2333 est,
584 2287 726 2337 quae
776 2274 1007 2324 rationis
1058 2272 1337 2324 absolutio
1392 2271 1671 2330 definitur,
1725 2284 1888 2334 quam

203 2348 369 2399 etiam
409 2353 575 2411 atque
615 2348 780 2399 etiam
818 2346 1205 2410 explicandam
1244 2351 1457 2410 putant.

276 2421 477 2472 Earum
529 2422 696 2474 etiam
749 2435 946 2480 rerum,
1000 2435 1138 2484 quas
1189 2426 1335 2472 terra
1386 2420 1579 2483 gignit,
1631 2384 1888 2470 educatio
1913 2431 1959 2467 30

204 2495 479 2560 quaedam
516 2501 572 2547 et
609 2495 876 2558 perfectio
913 2501 999 2547 est
1033 2509 1146 2546 non
1185 2494 1472 2546 dissimilis
1509 2493 1888 2545 animantium.

275 2608 301 2648 8
334 2619 418 2649 sua
449 2610 634 2649 caritate
658 2607 700 2649 V
730 2619 815 2648 sua
847 2619 873 2648 e
899 2608 1085 2649 caritate
1108 2606 1147 2648 R
1177 2617 1262 2647 sua
1287 2607 1501 2647 ecaritate
1525 2604 1658 2646 BEN
1723 2604 1772 2644 11
1808 2605 1889 2644 ha-

200 2665 325 2716 bent]
360 2669 562 2708 habeant
592 2667 700 2708 Ern.
808 2670 819 2674 ”
852 2666 906 2706 19
938 2668 1039 2707 sine
1071 2667 1226 2706 animo
1258 2669 1365 2706 sunt
1395 2668 1474 2705 aut
1504 2676 1593 2705 om.
1625 2664 1664 2705 R
1783 2666 1889 2703 sunt

198 2728 306 2768 Em.
345 2728 436 2768 sint
615 2738 711 2768 non
749 2727 861 2768 add.
901 2726 953 2768 A.
983 2726 1112 2767 Man.
1293 2736 1446 2766 earum
1488 2725 1591 2765 edd.
1633 2733 1789 2764 eorum

199 2786 256 2827 20
288 2797 383 2827 non
414 2787 578 2827 inscite
706 2787 952 2836 putisceret
981 2784 1102 2826 Non.
1130 2797 1179 2836 ρ.
1205 2788 1279 2825 161
1401 2784 1458 2824 22
1491 2783 1738 2832 putisceret
1766 2780 1886 2822 Non.

200 2848 478 2894 putresceret
625 2845 684 2886 23
715 2845 906 2895 aliquod
937 2844 1070 2886 BER
1206 2843 1422 2886 leonibus
1454 2845 1503 2882 ut
1534 2842 1581 2881 in
1613 2841 1807 2881 canibus
1840 2841 1887 2880 111

199 2906 331 2953 equis
361 2904 495 2945 BEN
506 2899 519 2923 ¹
561 2905 774 2945 leonibus
806 2905 854 2944 in
885 2905 1078 2945 canibus
1122 2905 1168 2943 in
1213 2904 1346 2953 equis
1376 2901 1464 2943 RV
1506 2900 1720 2940 leonibus
1758 2902 1808 2940 ut
1839 2900 1886 2940 in

200 2964 392 3003 canibus
424 2967 472 3003 ut
504 2965 551 3003 in
583 2965 716 3013 equis
750 2957 814 3003 ΝΞ
