2046 3138
150 939 213 987 18

144 1010 199 1050 48

142 2168 198 2209 49

241 168 343 219 180
444 165 446 168 ’
657 159 743 206 DE
774 159 1027 207 FINIBUS
1060 160 1209 212 BON.
1243 161 1322 207 ET
1354 161 1506 208 MAL.
1620 164 2011 208 Lib.Vc.17——19

236 299 282 350 si
328 298 727 362 turpitudinem
774 298 1022 363 fugimus
1067 300 1122 349 in
1167 305 1315 351 statu
1360 305 1414 352 et
1457 305 1611 351 motu
1658 300 1920 363 corporiS,

235 372 368 436 'quid
418 378 502 424 est
553 386 648 424 cur
696 372 1161 436 pulchritudinem
1209 387 1321 425 non
1373 375 1708 438 sequamur?
1756 379 1922 437 atque

234 447 399 498 etiam
455 446 836 506 valitudinem,
907 448 1070 507 vires,
1125 449 1460 500 vacuitatem
1531 447 1740 499 doloris
1809 462 1919 499 non

234 526 461 584 propter
497 520 791 572 utilitatem
832 521 1028 580 solum,
1067 522 1165 573 sed
1202 523 1368 573 etiam
1408 523 1561 586 ipsas
1599 527 1825 586 propter
1862 536 1920 573 se

233 600 572 658 expetemuS.
608 596 870 659 quoniam
895 596 1042 647 enim
1066 601 1266 647 natura
1290 597 1405 647 suis
1431 597 1689 647 omnibus
1712 596 1921 659 expleri
1967 614 1990 647 5

234 669 484 731 partibus
535 668 669 728 vult,
722 669 869 720 hunc
919 675 1124 721 statum
1176 671 1424 733 corporis
1477 684 1598 740 per·
1626 684 1686 722 se
1737 671 1920 733 ipsum

233 744 454 806 expetit,
498 744 591 807 qui
634 749 718 795 est
757 744 998 795 maxime
1038 758 1076 795 e⁴
1109 750 1322 803 natura,
1365 759 1507 808 quae
1548 750 1666 796 tota
1707 750 1920 808 pertur-

232 817 409 876 batur,
451 818 496 869 si
538 823 635 870 aut
673 831 903 882 aegrum
944 832 1145 882 corpus
1187 824 1271 870 est
1310 824 1406 870 aut
1448 818 1599 870 dolet
1639 825 1735 870 aut
1772 824 1920 870 caret

230 892 458 943 viribus,

304 965 609 1017 Videamus
664 967 833 1017 animi
889 972 1091 1030 partes,
1163 980 1395 1030 quarum
1450 973 1534 1018 est
1592 972 1921 1030 conspectus
1948 982 1991 1018 ιο

231 1039 522 1098 illustrior;
557 1054 698 1104 quae
734 1054 844 1104 quo
879 1047 1006 1092 sunt
1038 1041 1384 1100 excelsioreS,
1419 1055 1486 1092 eo
1520 1040 1656 1092 dant
1688 1041 1921 1092 clariora

231 1114 435 1165 indicia
484 1120 731 1166 naturae.
784 1120 972 1168 tantus
1022 1121 1107 1167 est
1156 1116 1326 1179 igitur
1376 1116 1599 1167 innatus
1650 1115 1706 1166 in
1756 1115 1919 1167 nobis

232 1189 565 1252 cognitionis
595 1203 753 1240 amor
783 1195 838 1241 et
868 1189 1143 1248 scientiae,
1174 1195 1234 1241 ut
1264 1203 1427 1240 nemo
1459 1189 1712 1241 dubitare
1742 1190 1921 1253 possit

232 1263 361 1328 quin
403 1263 475 1314 ad
518 1277 614 1314 eas
655 1277 742 1314 res
781 1263 1069 1315 hominum
1111 1269 1310 1315 natura
1349 1263 1503 1314 nullo
1544 1263 1919 1315 emolumento

231 1338 464 1388 invitata
504 1338 766 1400 rapiatur.
818 1337 1148 1389 videmusne
1188 1343 1249 1389 ut
1290 1339 1445 1401 pueri
1487 1351 1557 1389 ne
1597 1338 1919 1389 verberibus
1948 1355 1990 1389 15

231 1411 454 1474 quidem
501 1425 535 1462 a
583 1411 1026 1474 contemplandis
1072 1411 1237 1462 rebus
1283 1412 1777 1475 perquirendisque
1827 1412 1921 1463 de-

231 1486 576 1537 terreantur?
632 1491 694 1537 ut
740 1485 888 1549 pulsi
934 1487 1255 1537 recurrant?
1309 1492 1370 1536 ut
1416 1485 1627 1550 aliquid
1675 1487 1813 1537 scire
1860 1500 1919 1538 se

228 1559 550 1622 gaudeant?
614 1565 675 1611 ut
715 1559 772 1609 id
816 1559 940 1610 aliis
982 1573 1206 1610 narrare
1247 1560 1528 1623 gestiant?
1591 1566 1652 1611 ut
1698 1574 1921 1623 pompa,

230 1633 379 1685 ludis
417 1639 583 1698 atque
620 1634 740 1685 eius
777 1634 930 1685 modi
968 1633 1299 1697 spectaculis
1338 1640 1628 1685 teneantur
1664 1634 1736 1685 ob
1772 1648 1920 1685 eam-

232 1721 337 1770 que
379 1721 493 1759 rem
535 1707 624 1759 vel
666 1707 871 1759 famem
912 1714 967 1759 et
1009 1709 1157 1759 sitim
1198 1707 1519 1771 perferant?
1571 1708 1704 1772 quid
1746 1710 1919 1760 vero?
1943 1726 1990 1763 20

231 1782 324 1845 qui
360 1783 617 1845 ingenuis
656 1781 856 1833 studiis
892 1788 1058 1845 atque
1093 1782 1305 1833 artibus
1344 1781 1700 1841 delectantur,
1736 1796 1919 1834 nonne

229 1855 486 1907 videmus
521 1869 618 1907 eos
653 1869 755 1907 nec
785 1855 1111 1907 valitudinis
1144 1870 1246 1907 nec
1279 1857 1357 1907 rei
1392 1855 1682 1907 familiaris
1715 1856 1918 1908 habere

230 1930 500 1981 rationem
532 1930 829 1993 omniaque
862 1931 1074 1992 perpeti
1106 1931 1230 1993 ipsa
1260 1931 1575 1993 cognitione
1606 1936 1661 1982 et
1691 1931 1919 1982 scientia

230 2009 423 2067 captos
454 2010 508 2055 et
540 2018 664 2054 cum
694 2004 952 2054 maximis
983 2005 1127 2054 curis
1159 2009 1214 2056 et
1243 2004 1526 2055 laboribus
1559 2018 1917 2068 compensare

229 2092 367 2137 eam,
417 2092 583 2141 quam
633 2092 701 2129 ex
751 2077 1017 2129 discendo
1066 2079 1301 2141 capiant,
1351 2078 1738 2141 voluptatem?
1788 2075 1916 2146 <ut>
1942 2097 1988 2133 25

229 2152 362 2202 mihi
408 2152 631 2215 quidem
676 2151 951 2203 Homerus
993 2152 1158 2203 huius
1200 2152 1352 2203 modi
1399 2152 1665 2216 quiddam
1706 2153 1917 2205 vidisse

227 2226 485 2277 videatur
513 2227 570 2277 in
599 2227 682 2285 iis,
713 2239 854 2290 quae
884 2226 953 2277 de
982 2225 1236 2277 Sirenum
1266 2226 1518 2277 cantibus
1547 2226 1784 2278 finxerit.
1823 2241 1917 2278 ne-

229 2314 336 2363 que
367 2301 513 2352 enim
546 2314 747 2351 vocum
781 2300 1056 2352 suavitate
1086 2299 1346 2351 videntur
1378 2306 1475 2352 aut
1504 2301 1751 2352 novitate
1784 2315 1916 2364 qua-

229 2374 358 2424 darn
403 2379 458 2426 et
501 2374 769 2426 varietate
814 2374 1072 2425 cantandi
1115 2387 1377 2426 revocare
1420 2388 1519 2426 eos
1563 2374 1774 2434 solitae,
1820 2376 1913 2438 qui

229 2448 804 2511 praetervehebantur,
834 2447 932 2499 sed
963 2448 1093 2511 quia
1119 2447 1295 2499 multa
1322 2462 1381 2499 se
1411 2449 1548 2500 scire
1575 2448 1915 2512 profiteban-
1938 2470 1985 2505 30

306 2638 325 2677 1
362 2637 562 2687 fugimus
592 2637 643 2678 P.
660 2637 787 2679 Man.
828 2636 1057 2686 fugiamus
1187 2636 1214 2676 8
1247 2647 1412 2686 corpus
1444 2636 1486 2678 V
1518 2648 1636 2687 opus
1759 2637 1813 2677 12
1846 2638 1914 2677 in-

228 2698 340 2738 ditia
370 2700 530 2738 nature
561 2696 603 2737 N
646 2698 817 2737 iudicia
848 2699 1009 2736 natura
1038 2695 1121 2736 BE
1165 2696 1335 2737 iudicia
1374 2699 1533 2737 nature
1571 2696 1660 2737 RV
1784 2697 1836 2737 17
1870 2701 1918 2737 ut

227 2756 348 2805 pulsi
379 2756 573 2797 P.Man.
607 2759 684 2796 aut
716 2756 836 2805 pulsi
869 2751 1031 2803 (etiam
1062 2753 1121 2806 B)
1270 2759 1498 2796 recurrant
1528 2759 1578 2796 ut
1609 2756 1784 2805 aliquid
1814 2758 1915 2797 cod.

225 2816 387 2857 Morel.
413 2818 694 2857 recurrentur
716 2815 891 2864 aliquid
915 2814 953 2855 R
978 2818 1206 2855 recurrant
1229 2815 1404 2865 aliquid
1427 2814 1564 2855 BEV
1589 2819 1917 2856 recurrerentur

227 2875 401 2924 aliquid
433 2872 508 2925 (ut
539 2872 652 2925 vid.)
684 2869 749 2916 Nl
780 2877 1055 2915 recurrerent
1087 2877 1132 2915 et
1163 2875 1338 2925 aliquid
1367 2875 1409 2915 Ν
1417 2868 1433 2892 ²
1544 2874 1659 2914 scire
1689 2884 1742 2914 se
1773 2876 1915 2916 etiam

226 2933 264 2974 R
377 2934 429 2973 21
467 2935 667 2983 ingeniis
691 2933 828 2975 BER
941 2933 998 2973 25
1031 2935 1143 2974 add.
1176 2933 1247 2975 Se.
1361 2933 1419 2973 27
1451 2933 1658 2973 videatur
1681 2932 1817 2974 BER
1848 2936 1915 2975 vi-

227 2992 355 3032 detur
386 2993 426 3033 N
459 3004 548 3035 om.
580 2993 622 3033 V
743 2993 923 3034 finxerit
954 2987 1121 3034 RN²v
1151 2994 1365 3034 finxerint
1395 2991 1481 3032 BE
1513 2992 1706 3032 finxerat
1737 2986 1801 3034 N²
