2046 3138
77 144 104 196 §
130 146 305 188 59—63
584 139 670 186 DE
703 138 956 186 FINIBUS
990 137 1138 185 BON.
1173 137 1251 183 ET
1285 136 1436 183 MAL.
1791 143 1860 193 27

239 281 349 333 Sed
396 287 626 345 possunt
670 282 807 333 haec
850 280 1090 345 quadam
1135 280 1345 331 ratione
1389 278 1495 330 dici
1536 292 1649 330 non
1691 277 1860 329 modo

164 371 276 409 non
311 356 760 420 repugnantibuS,
792 369 981 407 verum
1018 355 1181 406 etiam
1215 353 1650 418 approbantibus
1683 353 1861 404 nobiS.

165 434 243 482 sic
278 433 423 482 enim
458 432 528 482 ab
561 431 793 495 Epicuro
829 431 1050 493 sapiens
1092 443 1310 492 semper
1342 429 1536 480 beatus
1570 428 1861 479 inducitur:

164 507 344 557 finitas
387 507 552 557 habet
593 506 933 569 cupiditateS,
974 504 1217 568 neglegit
1257 508 1503 562 mortem,
1545 502 1614 554 de
1648 503 1752 553 diis
1786 503 1863 553 in-

117 592 140 626 5
165 581 484 632 mortalibus
526 582 645 631 sine
685 580 797 631 ullo
833 585 981 631 metu
1015 593 1145 630 vera
1185 579 1360 638 sentit,
1402 592 1514 629 non
1549 578 1775 636 dubitat,
1817 580 1861 628 si

163 658 237 706 ita
280 656 475 706 melius
520 657 601 714 sit,
647 657 879 720 migrare
924 655 993 706 de
1036 655 1162 704 vita.
1226 654 1310 703 his
1355 653 1518 703 rebus
1570 653 1861 703 instructus

163 745 380 794 semper
405 735 487 781 est
513 731 566 780 in
591 730 890 794 voluptate.
939 743 1120 792 neque
1147 729 1293 779 enim
1321 733 1538 790 tempus
1566 732 1648 778 est
1673 727 1860 787 ullum,

162 819 273 869 quo
306 820 418 856 non
453 805 574 868 plus
607 805 952 867 voluptatum
987 804 1188 855 habeat
1213 816 1379 867 quam
1407 802 1675 853 dolorum.
1731 816 1859 852 nam

162 885 215 931 et
248 881 534 943 praeterita
566 885 717 943 grate
750 880 997 930 meminit
1031 883 1082 929 et
1123 877 1503 941 praesentibus
1537 878 1612 927 ita
1644 878 1860 940 potitur,

99 965 138 1000 10
163 960 220 1005 ut
253 955 651 1005 animadvertat
683 959 889 1018 quanta
921 955 1028 1004 sint
1061 967 1127 1004 ea
1160 966 1440 1016 quamque
1474 952 1728 1011 iucunda,
1768 966 1861 1003 ne-

163 1044 270 1093 que
312 1030 515 1092 pendet
557 1044 622 1080 ex
663 1029 868 1087 futuriS,
911 1029 1008 1079 sed
1044 1032 1295 1091 expectat
1327 1027 1433 1086 illa,
1478 1026 1665 1077 fruitur
1710 1041 1861 1090 prae-

163 1105 409 1155 sentibus
443 1105 512 1155 ab
547 1106 723 1167 iisque
748 1105 908 1163 vitiis,
942 1117 1085 1166 quae
1112 1102 1277 1165 paulo
1305 1107 1431 1152 ante
1458 1101 1671 1165 collegi,
1705 1102 1862 1152 abest

165 1179 456 1242 plurimum
493 1184 558 1238 et,
593 1194 715 1229 cum
750 1178 1037 1229 stultorum
1071 1179 1239 1227 vitam
1274 1191 1397 1227 cum
1432 1190 1533 1226 sua
1566 1181 1861 1239 comparat,

164 1267 367 1318 magna
400 1254 628 1304 afficitur
658 1254 957 1316 voluptate.
1014 1252 1232 1303 dolores
1266 1257 1449 1302 autem
1484 1251 1529 1301 si
1563 1252 1656 1314 qui
1690 1252 1862 1301 incur-

99 1339 141 1374 15
167 1334 303 1387 runt,
338 1343 640 1392 numquam
665 1329 777 1378 vim
804 1333 1010 1378 tantam
1038 1327 1256 1386 habent,
1289 1331 1348 1377 ut
1372 1340 1484 1377 non
1511 1325 1634 1389 plus
1660 1326 1862 1376 habeat

165 1405 400 1467 sapiens,
442 1404 591 1467 quod
634 1403 887 1467 gaudeat,
937 1416 1102 1466 quam
1148 1401 1299 1465 quod
1344 1405 1588 1464 angatur.
1652 1402 1860 1464 optime

163 1493 294 1529 vero
314 1478 589 1541 EpicuruS,
616 1478 765 1541 quod
794 1479 1049 1541 exiguam
1077 1477 1211 1527 dixit
1234 1476 1507 1527 fortunam
1534 1477 1860 1527 intervenire

165 1555 398 1616 sapienti
433 1554 814 1616 maximasque
848 1553 916 1603 ab
951 1566 1018 1603 eo
1054 1557 1108 1602 et
1139 1552 1491 1615 gravissimas
1517 1565 1601 1601 res
1629 1551 1859 1602 consilio

164 1629 336 1691 ipsius
371 1633 423 1678 et
455 1629 665 1679 ratione
698 1628 1060 1677 administrari
1098 1640 1280 1689 neque
1313 1627 1576 1676 maiorem
1610 1626 1860 1689 volupta-

97 1713 142 1748 20
165 1708 274 1753 tem
310 1718 375 1753 ex
410 1703 621 1753 infinito
655 1707 902 1764 tempore
936 1703 1128 1752 aetatis
1156 1701 1359 1764 percipi
1387 1715 1567 1763 posse,
1600 1715 1766 1763 quam
1794 1715 1860 1751 ex

164 1778 271 1828 hoc
312 1779 651 1841 percipiatur,
693 1777 843 1840 quod
883 1776 1172 1827 videamus
1214 1790 1336 1826 esse
1373 1775 1600 1825 finitum.
1656 1776 1714 1825 In
1748 1776 1861 1825 dia-

166 1852 357 1903 lectica
401 1857 583 1903 autem
628 1856 809 1902 vestra
852 1851 1058 1901 nullam
1105 1851 1434 1901 existimavit
1478 1864 1600 1900 esse
1644 1865 1747 1900 nec
1790 1851 1859 1900 ad

167 1927 362 1977 melius
380 1927 681 1978 vivendum
708 1941 810 1977 nec
836 1926 905 1976 ad
933 1925 1279 1976 commodius
1298 1925 1678 1976 disserendum
1697 1927 1859 1976 viam.

164 2001 221 2051 In
256 2002 495 2065 physicis
537 2001 828 2064 plurimum
864 2001 1060 2064 posuit.
1118 2014 1184 2051 ea
1216 2001 1444 2051 scientia
1485 2005 1537 2050 et
1567 2000 1859 2051 verborum

97 2087 141 2122 25
163 2077 247 2126 vis
267 2081 319 2127 et
336 2081 528 2126 natura
547 2077 807 2127 orationis
828 2080 879 2126 et
890 2076 1346 2139 consequentium
1364 2075 1860 2139 repugnantiumve

164 2152 299 2202 ratio
335 2156 514 2213 potest
547 2151 794 2213 perspici.
853 2151 1098 2201 omnium
1133 2154 1316 2200 autem
1349 2164 1527 2200 rerum
1552 2154 1746 2199 natura
1771 2164 1859 2201 co-

163 2227 314 2289 gnita
339 2226 584 2275 levamur
609 2226 1007 2287 superstitione,
1033 2224 1324 2275 liberamur
1342 2225 1529 2276 mortis
1555 2229 1719 2283 metu,
1746 2239 1858 2275 non

164 2300 548 2351 conturbamur
581 2301 924 2364 ignoratione
963 2313 1156 2358 rerum,
1198 2313 1228 2350 e
1261 2313 1372 2363 qua
1412 2300 1533 2362 ipsa
1573 2299 1858 2351 horribiles

163 2376 399 2426 existunt
439 2389 606 2438 saepe
647 2374 979 2426 formidines
1036 2374 1276 2437 denique
1317 2375 1480 2425 etiam
1519 2375 1714 2425 morati
1747 2389 1859 2425 me-

95 2461 139 2496 30
163 2449 266 2500 lius
292 2451 508 2508 erimuS,
534 2465 657 2500 cum
684 2449 1032 2500 didicerimus
1052 2449 1183 2512 quid
1201 2454 1394 2499 natura
1411 2449 1699 2500 desideret.
1743 2453 1857 2499 tum

161 2539 308 2584 vero,
349 2525 393 2575 si
435 2525 687 2576 stabilem
730 2525 1013 2574 scientiam
1058 2538 1235 2574 rerum
1274 2524 1600 2583 tenebimus,
1645 2529 1860 2575 servata

163 2599 268 2658 illa,
308 2614 451 2663 quae
493 2601 650 2663 quasi
685 2599 914 2662 delapsa
954 2599 1023 2649 de
1057 2598 1210 2650 caelo
1253 2603 1334 2650 est
1375 2599 1444 2649 ad
1486 2599 1859 2663 cognitionem

163 2675 425 2733 omnium,
466 2674 669 2738 regula,
715 2674 785 2724 ad
831 2687 996 2737 quam
1043 2674 1230 2724 omnia
1274 2674 1476 2724 iudicia
1519 2687 1696 2724 rerum
1737 2674 1860 2724 diri-

235 2807 263 2847 4
295 2808 489 2858 negligit
519 2807 611 2849 NV
652 2819 739 2848 nec
783 2808 895 2857 legit
933 2801 1137 2848 A¹BER
1293 2806 1348 2847 10
1387 2808 1478 2847 sint
1517 2817 1574 2847 ea
1611 2799 1676 2847 Νς
1714 2807 1773 2847 slt
1812 2807 1859 2846 in

162 2877 219 2908 ea
250 2861 359 2908 A¹B
401 2868 492 2908 sint
523 2868 571 2907 in
611 2878 668 2908 ea
700 2860 978 2907 A²ERN¹V
1087 2865 1141 2906 18
1174 2867 1233 2907 ab
1273 2877 1332 2907 eo
1372 2869 1418 2907 et
1457 2877 1546 2907 om.
1580 2866 1617 2907 R
1649 2869 1695 2907 et
1727 2862 1860 2916 (ante

162 2923 472 2977 gravissimas)
499 2938 587 2968 om.
613 2926 655 2967 V
763 2926 817 2968 23
843 2927 963 2966 viam
990 2938 1079 2967 om.
1105 2926 1143 2967 R
1251 2926 1307 2966 26
1334 2926 1508 2976 percipi
1533 2926 1570 2967 R
1677 2926 1734 2968 33
1761 2937 1858 2967 om-

163 2986 286 3026 nium
320 2997 464 3028 rerum
498 2987 655 3037 regula
687 2980 747 3028 R¹

1886 251 1951 300 19

1895 323 1951 364 62

1894 1410 1950 1452 63
