2046 3138
123 318 178 358 72

129 1761 183 1801 73

217 138 318 187 152
420 168 422 171 ,
638 130 723 176 DE
755 129 1008 176 FINIBUS
1041 129 1191 199 BON.
1224 130 1302 176 ET
1335 130 1487 177 MAL.
1579 135 1747 176 Lib.lV
1763 135 1987 177 c.26-2⁷

123 247 272 303 26—
303 267 439 324 Quis
470 267 636 326 istud,
667 281 890 331 quaeso,
919 267 1240 319 nesciebat?
1273 282 1465 320 verum
1494 268 1804 320 audiamus.
1833 297 1895 304 —

210 342 333 399 Ista,
370 342 561 404 inquit,
600 355 741 405 quae
776 341 979 401 dixisti,
1014 342 1215 400 valere,
1245 341 1578 405 locupletem
1611 356 1750 402 esse,
1783 357 1895 394 non

212 419 411 478 dolere,
445 420 617 470 bona
649 433 762 470 non
795 419 935 479 dico,
975 419 1074 470 sed
1108 419 1288 470 dicam
1322 418 1529 470 Graece
1567 414 1898 484 προηγμένα,

209 490 401 541 Latine
445 495 630 541 autem
676 490 1024 553 producta
1081 519 1144 526 ——
1204 490 1302 542 sed
1342 492 1760 554 praeposita
1802 497 1898 543 aut

211 565 597 628 praecipua
634 564 798 623 ma10,
839 565 910 616 sit
947 564 1291 616 tolerabilius
1331 570 1384 616 et
1416 565 1639 616 mollius
1679 582 1765 624 -;
1803 565 1898 616 illa
1946 580 1968 614 5

211 643 411 697 autem,
471 639 741 698 morbum,
802 644 1122 702 egestatem,
1184 639 1449 698 dolorem,
1508 653 1620 691 non
1674 640 1898 703 appello

211 712 416 771 mala,
476 713 590 771 sed,
652 713 698 764 si
741 713 889 772 libet,
948 714 1369 765 reiectanea.
1419 714 1605 777 itaque
1649 714 1745 765 illa
1786 728 1897 766 non

212 786 336 838 dico
377 801 465 838 me
506 793 864 850 expetere,
906 787 1005 839 sed
1046 787 1310 851 legere,
1344 802 1446 839 nec
1484 794 1758 851 optare,
1799 789 1898 840 sed

211 875 508 920 sumere,
558 862 832 913 contraria
880 867 1065 913 autem
1113 876 1225 913 non
1274 861 1548 926 fugere,
1593 863 1690 914 sed
1740 864 1899 926 quasi

212 949 596 987 secernere.
647 935 794 992 Quid
835 937 912 987 ait
947 935 1276 988 Aristoteles
1313 936 1620 1000 reliquique
1652 937 1899 988 Platonis
1927 951 1970 986 10

212 1009 460 1061 alumni?
526 1009 597 1061 Se
654 1011 855 1069 omnia,
912 1024 1053 1074 quae
1110 1010 1414 1062 secundum
1464 1016 1719 1062 naturam
1777 1012 1899 1070 sint,

211 1085 391 1136 bona
422 1085 721 1149 appellare,
757 1100 898 1150 quae
930 1094 1116 1138 autem
1150 1091 1355 1145 contra,
1382 1086 1576 1136 mala.

283 1159 527 1211 Videsne
562 1161 730 1223 igitur
763 1161 1044 1212 Zenonem
1079 1166 1235 1212 tuum
1271 1174 1395 1211 cum
1423 1160 1683 1212 Aristone
1716 1160 1900 1211 verbis

214 1235 514 1293 concinere,
550 1248 608 1285 re
645 1234 930 1293 dissidere,
967 1249 1090 1286 cum
1125 1234 1423 1287 Aristotele
1452 1234 1650 1289 etillis
1683 1248 1742 1285 re
1774 1248 1901 1285 con-

215 1309 431 1367 sentire,
462 1309 647 1359 verbis
686 1309 1039 1372 discrepare?
1081 1322 1175 1360 cur
1206 1310 1389 1373 igitur,
1422 1323 1546 1360 cum
1583 1309 1652 1359 de
1687 1322 1744 1360 re
1775 1322 1902 1360 con·
1929 1324 1972 1359 15

212 1383 414 1441 veniat,
458 1397 570 1439 non
616 1383 894 1434 malumus
938 1383 1141 1435 usitate
1185 1382 1377 1447 loqui?
1425 1388 1521 1434 aut
1566 1383 1762 1435 doceat
1806 1396 1902 1445 pa-

214 1457 473 1514 ratiorem
499 1471 588 1508 me
614 1457 687 1508 ad
715 1457 1175 1509 contemnendam
1203 1458 1494 1520 pecuniam
1517 1457 1651 1515 fore,
1679 1457 1725 1509 si
1750 1456 1902 1507 illam

214 1531 269 1580 in
316 1531 480 1582 rebus
529 1532 863 1595 praepositis
910 1545 1076 1595 quam
1125 1532 1170 1583 si
1211 1532 1267 1582 in
1312 1531 1474 1585 bonis
1521 1531 1746 1590 duxem,
1789 1530 1901 1582 for-

214 1605 521 1669 tioremque
554 1606 610 1656 in
645 1606 909 1669 patiendo
944 1605 1151 1664 dolore,
1187 1606 1233 1656 si
1260 1619 1386 1656 eum
1420 1619 1679 1668 asperum
1712 1610 1767 1656 et
1795 1605 1903 1655 dif-

215 1679 420 1730 ficilem
476 1694 745 1743 perpessu
800 1685 855 1732 et
909 1685 1100 1732 contra
1152 1685 1407 1735 naturam
1458 1693 1580 1731 esse
1635 1694 1800 1743 quam
1856 1680 1902 1730 si
1926 1695 1973 1731 20

214 1753 422 1803 malum
468 1754 675 1805 dixero,
733 1754 927 1806 Facete
971 1754 1042 1804 M.
1088 1754 1231 1813 Piso,
1271 1753 1562 1805 familiaris
1603 1759 1806 1812 noster,
1849 1759 1903 1804 et

213 1828 322 1878 alia
351 1828 527 1879 multa
555 1834 609 1879 et
637 1828 744 1879 hoc
771 1828 895 1879 loco
923 1827 1141 1879 Stoicos
1170 1828 1459 1882 irridebat:
1503 1825 1667 1884 ‘Quid
1702 1827 1847 1878 enim
1861 1825 1903 1879 ,ΖΡ

215 1902 412 1959 aiebat.
459 1898 691 1958 5Bonum
727 1910 901 1965 negas
936 1915 1059 1953 esse
1095 1901 1335 1960 divitias,
1365 1902 1745 1964 praepositum
1778 1915 1903 1952 esse

216 1976 393 2027 dicis?
429 1976 562 2039 quid
588 1976 864 2031 adiuvas?
899 1976 1262 2031 avaritiamne
1287 1976 1530 2026 minuis?
1562 1989 1671 2038 quo
1695 1975 1903 2027 modo?

217 2050 261 2101 si
299 2050 529 2101 verbum
571 2051 866 2113 sequimur,
904 2051 1142 2113 primum
1180 2049 1403 2113 longius
1436 2050 1665 2101 verbum
1704 2063 1903 2112 prae·
1927 2068 1972 2103 25

140 2181 143 2185 ,
216 2125 524 2186 positum
569 2138 734 2187 quam
778 2120 1064 2179 bonum'.
1107 2151 1171 2159 --
1213 2123 1362 2174 Nihil
1399 2124 1471 2174 ad
1514 2125 1657 2175 rem!
1701 2152 1763 2159 —
1802 2119 1902 2174 ‘Ne

217 2199 287 2248 sit
321 2212 478 2256 sane;
514 2204 571 2249 at
605 2204 748 2250 certe
782 2199 1024 2261 gravius.
1064 2212 1192 2248 nam
1227 2197 1434 2253 bonum
1468 2211 1536 2249 ex
1567 2211 1676 2260 quo
1712 2197 1902 2260 appel-

215 2272 389 2323 latum
445 2273 529 2330 sit,
584 2273 787 2330 nesci0‚
842 2273 1225 2335 praepositum
1277 2286 1345 2323 ex
1394 2285 1460 2323 eo
1493 2271 1697 2330 credo,
1752 2272 1901 2334 quod

216 2351 592 2409 praeponatur
635 2346 774 2397 aliis.
829 2346 886 2396 id
929 2346 1063 2396 mihi
1107 2359 1371 2409 magnum
1409 2342 1663 2397 videtur!
1716 2346 1902 2408 itaque

217 2420 435 2483 dicebat
469 2419 596 2482 plus
633 2420 797 2470 tribui
834 2420 1042 2471 divitiis
1078 2434 1111 2470 a
1133 2420 1370 2478 Zenone,
1402 2420 1494 2482 qui
1528 2433 1624 2471 eas
1658 2420 1713 2469 in
1746 2433 1902 2482 prae·
1927 2439 1972 2473 30

217 2495 414 2556 positis
455 2499 698 2557 poneret,
740 2508 905 2556 quam
945 2493 1015 2544 ab
1053 2493 1365 2552 Aristotele,
1402 2493 1493 2556 qui
1533 2493 1739 2544 bonum
1778 2506 1901 2544 esse

218 2568 441 2618 divitias
477 2567 757 2626 fateretur,
796 2567 894 2618 sed
929 2581 1108 2630 neque
1143 2581 1407 2630 magnum
1438 2567 1645 2618 bonum
1680 2572 1735 2618 et
1770 2580 1901 2630 prae

295 2725 314 2765 1
352 2736 527 2775 quaeso
559 2726 701 2774 Man„
733 2725 918 2774 Lamb.,·
956 2726 1088 2775 quasi
1216 2724 1244 2765 4
1277 2725 1513 2774 proposita
1542 2723 1680 2765 RNV
1808 2722 1832 2762 7
1865 2723 1904 2763 si

218 2785 328 2825 libet
358 2784 455 2831 BE,
487 2784 528 2825 N
553 2780 685 2834 (libet
715 2786 776 2825 ab
809 2785 892 2825 alt.
919 2796 976 2826 m.
1010 2785 1058 2825 in
1090 2780 1228 2834 ras.);
1264 2785 1303 2824 si
1335 2783 1480 2824 lilibet
1509 2783 1548 2824 R
1579 2782 1753 2824 scilicet
1781 2781 1823 2822 V

221 2843 276 2883 14
308 2844 553 2885 concinere
587 2843 635 2885 C.
658 2843 706 2884 F.
730 2843 791 2885 W.
816 2844 935 2885 Mae.
972 2844 1223 2884 consistere
1360 2853 1407 2883 re
1437 2835 1502 2882 Νἰ
1532 2853 1622 2883 om.
1653 2840 1833 2882 BERN
1842 2834 1905 2882 ¹V

296 2902 348 2942 15
382 2903 641 2953 discrepare
672 2902 754 2943 BE
787 2903 1043 2953 disceptare
1175 2901 1229 2942 16
1262 2902 1471 2942 malimus
1502 2899 1594 2941 NV
1720 2899 1778 2940 20
1803 2910 1906 2950 per-

219 2971 358 3011 pessu
391 2964 436 3003 et
466 2959 640 3011 contra]
674 2962 882 3012 perpessi
913 2964 1071 3004 contra
1100 2960 1184 3003 BE
1303 2960 1360 3001 22
1392 2956 1687 3009 locolrmodo
1718 2958 1800 3000 BE
