2046 3138
246 155 346 205 104
474 217 476 220 ι
663 148 748 194 DE
781 147 1035 194 FINIBUS
1070 147 1219 195 BON.
1254 149 1332 194 ET
1364 148 1516 196 MAL.
1615 154 2023 197 Lib.111c.11—13

239 303 362 340 curn
396 290 627 340 dicimus
668 303 790 340 esse
830 289 1118 353 fugiendas
1159 296 1377 353 propter
1417 304 1510 341 eas
1543 305 1642 349 reS,
1686 305 1829 353 quae
1862 306 1927 342 ex

238 365 370 428 ipsis
405 365 673 422 eveniant,
714 379 826 415 non
859 365 934 414 ita
966 365 1212 424 dicimuS‚
1251 370 1310 415 ut
1343 379 1465 415 cum
1500 365 1607 424 illo,
1649 366 1798 428 quod
1833 381 1928 428 po-

238 440 399 488 situm
434 443 528 497 est,
568 439 747 489 solum
781 439 835 488 id
870 453 991 489 esse
1031 439 1251 498 malum,
1293 440 1442 502 quod
1483 445 1638 502 turpe
1670 441 1751 498 sit,
1791 441 1928 491 haec

238 527 481 576 pugnare
505 514 755 564 videatur
780 514 967 572 oratio,
1002 519 1287 576 propterea
1313 515 1463 577 quod
1490 528 1556 564 ea
1580 529 1691 565 non
1718 515 1788 564 ad
1815 529 1928 566 cor-

237 588 382 650 poris
416 588 829 639 incommodum
863 588 1173 647 referuntur,
1214 589 1311 639 sed
1346 589 1416 638 ad
1450 594 1634 651 turpes
1667 590 1926 648 actioneS‚
1973 601 1997 635 5

236 675 379 724 quae
413 663 654 713 oriuntur
687 677 717 712 e
741 663 901 713 vitiis,
957 677 1094 725 quas
1122 665 1266 713 enim
1300 660 1491 720 κακίας
1516 662 1707 714 Graeci
1742 664 1927 727 appel-

236 736 361 794 lant,
394 738 555 786 vitia
588 737 733 788 malo
769 751 934 800 quarn
968 738 1254 788 malitias
1286 739 1611 789 nominares

309 811 391 861 Ne
431 816 502 869 tu,
543 813 783 874 inquam,
825 810 974 870 Cato,
1014 812 1195 862 verbis
1235 812 1530 862 illustribus
1573 818 1624 863 et
1664 813 1734 871 id,
1775 814 1925 875 quod

234 886 332 943 viS,
374 885 796 936 declarantibus!
860 887 1045 949 itaque
1085 887 1216 936 mihi
1255 887 1456 937 videris
1498 887 1687 938 Latine
1728 887 1925 939 docere

236 959 642 1022 philosophiam
678 965 730 1011 et
763 962 811 1011 ei
845 961 1001 1023 quasi
1037 963 1309 1011 civitatem
1336 962 1479 1012 dare.
1532 976 1675 1024 quae
1701 962 1923 1024 quidem
1951 972 1995 1007 10

153 780 216 828 12

146 851 202 891 40

235 1034 415 1084 adhuc
459 1036 786 1097 peregrinari
830 1034 1038 1086 Romae
1080 1036 1368 1086 videbatur
1419 1050 1520 1086 nec
1568 1037 1759 1087 offerre
1804 1051 1927 1088 sese

233 1110 430 1158 nostris
476 1110 834 1169 sermonibuS,
888 1114 940 1160 et
987 1111 1089 1159 ista
1136 1111 1373 1161 maxime
1418 1116 1636 1173 propter
1683 1111 1925 1161 limatam

234 1183 512 1244 quandam
547 1188 599 1234 et
631 1198 806 1234 rerum
841 1189 893 1235 et
924 1185 1214 1236 verborum
1241 1186 1575 1235 tenuitatem.
1630 1187 1745 1236 scio
1780 1187 1925 1236 enim

234 1270 357 1307 esse
389 1258 676 1320 quosdam,
711 1260 803 1321 qui
834 1260 1028 1321 quavis
1062 1259 1250 1322 lingua
1283 1259 1658 1322 philosophari
1692 1261 1926 1322 possint;

233 1331 394 1381 nullis
429 1333 573 1382 enirn
616 1334 1010 1395 partitionibuS,
1050 1333 1213 1383 nullis
1255 1334 1664 1385 definitionibus
1705 1339 1926 1385 utuntur
1952 1344 1995 1379 15

233 1407 448 1468 ipsique
481 1406 668 1457 dicunt
700 1421 767 1457 ea
798 1421 858 1458 se
890 1408 1059 1458 modo
1101 1408 1345 1470 probare,
1387 1409 1585 1471 quibus
1626 1414 1818 1459 natura
1849 1414 1925 1458 ta-

234 1481 338 1529 cita
371 1481 718 1532 adsentiatur.
781 1483 966 1545 itaque
999 1483 1053 1531 in
1086 1483 1247 1533 rebus
1281 1484 1505 1533 minime
1539 1483 1785 1533 obscuris
1810 1498 1922 1534 non

233 1554 434 1604 multus
476 1560 557 1606 est
590 1556 737 1618 apud
780 1570 876 1607 eos
917 1557 1219 1607 disserendi
1253 1557 1420 1608 labor.
1491 1571 1658 1620 quare
1699 1558 1922 1609 attendo

235 1633 288 1678 te
331 1630 576 1680 studiose
621 1636 686 1689 et,
731 1645 1113 1694 quaecumque
1156 1632 1317 1682 rebus
1361 1633 1440 1690 iis,
1485 1632 1554 1682 de
1594 1632 1794 1695 quibus
1837 1633 1925 1682 hic

234 1717 412 1754 sermo
433 1709 527 1763 est,
553 1706 779 1755 nomina
796 1706 1030 1768 inponiS,
1055 1707 1353 1757 memoriae
1371 1706 1599 1764 mando;
1625 1707 1756 1756 mihi
1777 1708 1921 1757 enim
1946 1715 1992 1751 20

234 1779 330 1827 erit
362 1778 536 1828 isdem
571 1780 685 1829 istis
718 1780 947 1830 fortasse
976 1781 1084 1829 iam
1110 1781 1390 1831 utendum.
1437 1780 1735 1831 Virtutibus
1762 1783 1922 1845 igitur

232 1853 528 1903 rectissime
572 1854 704 1903 mihi
746 1854 947 1904 videris
993 1859 1045 1904 et
1087 1854 1157 1904 ad
1204 1855 1658 1905 consuetudinem
1702 1861 1920 1907 nostrae

232 1928 490 1977 orationis
515 1929 648 1977 vitia
680 1929 933 1990 posuisse
967 1930 1245 1979 contraria.
1302 1929 1451 1992 quod
1480 1930 1921 1992 enimvitupera-

228 2000 337 2050 bile
378 2006 459 2051 est
498 2016 592 2064 per
625 2016 684 2052 se
724 2003 918 2064 ipsum,
963 2003 1018 2053 id
1045 2017 1130 2053 -eo
1176 2004 1297 2066 ipso
1337 2004 1530 2053 vitium
1574 2005 1917 2056 nominatum

226 2079 375 2137 puto,
415 2075 504 2126 vel
546 2077 709 2126 etiam
751 2090 783 2126 a
821 2078 954 2127 vitio
997 2077 1200 2127 dictum
1236 2079 1543 2140 vituperari.
1599 2075 1988 2128 sinxoculocvae

227 2148 487 2199 malitiam
530 2150 775 2209 dixisseS,
817 2151 886 2200 ad
928 2151 1076 2201 aliud
1121 2165 1223 2202 nos
1268 2166 1438 2202 unum
1480 2157 1684 2203 certum
1711 2154 1915 2207 vitium

140 2219 145 2221 ’
172 2221 175 2223 ’
226 2224 567 2275 consuetudo
595 2225 786 2274 Latina
810 2226 1125 2276 traduceret.
1173 2241 1319 2277 nunc
1344 2228 1494 2277 omni
1518 2228 1698 2277 virtuti
1722 2222 1914 2315 vitium

226 2299 491 2349 contrario
525 2300 748 2350 nomine
782 2301 1089 2362 opponitur.

136 2376 187 2418 41
226 2377 232 2410 Γ
295 2371 438 2422 Tum
465 2373 575 2423 ille:
603 2373 699 2423 His
726 2375 885 2437 igitur
910 2375 983 2424 ita
1001 2375 1207 2437 positis,
1233 2376 1420 2438 inquit,
1446 2376 1688 2438 sequitur
1713 2390 1915 2439 magna

225 2448 517 2505 contentio,
544 2462 709 2510 quam
735 2453 1015 2498 tractatam
1041 2463 1074 2498 a
1099 2449 1466 2512 Peripateticis
1491 2450 1710 2500 mollius
1737 2476 1806 2490 -—
1833 2456 1914 2501 est
1937 2459 1984 2495 ³0

225 2520 369 2570 enim
397 2535 584 2572 eorum
611 2523 953 2573 consuetudo
974 2523 1191 2574 dicendi
1217 2538 1328 2574 non
1355 2525 1485 2574 satis
1511 2529 1914 2587 acuta-propter

300 2682 319 2722 1
356 2682 601 2733 fugiendas
627 2680 859 2736 (sequitur
882 2683 1016 2736 ipsis)
1049 2685 1119 2728 Se.
1145 2685 1367 2736 fugienda
1391 2685 1482 2726 AN
1507 2686 1728 2736 fugienda
1753 2683 1916 2737 (super

221 2752 250 2780 a
270 2743 454 2784 'lineola
487 2745 673 2798 uidetur
703 2741 864 2794 erasa)
902 2745 941 2786 R
980 2745 1247 2795 fugiendam
1279 2745 1368 2786 BV
1407 2744 1630 2796 fugiendi]
1660 2745 1696 2785 E
1735 2746 1791 2796 cf.
1814 2745 1840 2785 Ἰ
1861 2750 1914 2786 50

222 2802 460 2851 copulatas
492 2805 539 2844 et
571 2804 858 2844 turbulentae
1038 2804 1065 2844 8
1101 2807 1213 2846 ante
1245 2807 1332 2845 aut
1359 2807 1474 2855 post
1502 2805 1654 2846 verbis
1687 2805 1913 2846 excidisse

221 2861 406 2902 videtur
435 2862 574 2903 uter-Is
725 2863 896 2904 inlustr.
928 2862 971 2903 A
1129 2863 1184 2904 14
1224 2864 1386 2914 quavis
1426 2865 1539 2905 dett.
1573 2862 1736 2913 quavis
1767 2862 1912 2904 ΑΒΕ

218 2921 429 2966 quamvis
461 2920 597 2961 RNV
718 2921 769 2961 21
807 2923 1057 2963 rectissime
1090 2923 1226 2973 igitur
1255 2921 1338 2963 BE
1459 2922 1516 2963 24
1547 2922 1594 2963 id
1625 2919 1701 2971 eo]
1737 2923 1844 2963 ideo
1876 2922 1911 2963 E

219 2976 265 3019 io'
297 2978 334 3019 R
456 2980 613 3021 vitium
647 2982 759 3024 dett.
794 2982 903 3023 vitio
1027 2982 1084 3025 30
1117 2994 1208 3032 qua
1240 2984 1428 3023 tractata
1455 2981 1619 3032 Guyet.
