2046 3138
53 147 81 197 ἓ
110 147 285 189 34-39
438 187 441 190 ⁴
569 139 654 185 DE
687 137 940 185 FINIBUS
975 135 1124 184 BON.
1159 136 1237 182 ET
1271 135 1424 182 MAL.
1742 139 1843 191 103

148 284 282 348 pisci
317 282 521 334 scelere
554 281 752 345 quovis
785 279 931 338 velit,
965 293 1077 331 non
1111 277 1295 328 multis
1329 277 1571 341 partibus
1597 273 1750 326 malit
1774 273 1844 325 ad

145 373 269 410 sese
289 359 452 409 etiam
472 357 621 409 omni
648 356 952 418 inpunitate
980 354 1261 417 proposita
1279 354 1396 403 sine
1422 351 1660 402 facinore
1679 363 1844 413 quam

146 433 239 484 illo
274 432 442 483 modo
478 432 797 495 pervenire?
862 442 1028 492 quam
1061 442 1192 478 vero
1227 427 1513 478 utilitatem
1555 429 1648 476 aut
1681 438 1845 488 quem

146 508 375 558 fructum
411 510 658 569 petentes
690 505 826 555 scire
853 504 1103 566 cupimus
1138 502 1243 561 illa,
1277 515 1420 565 quae
1446 499 1661 552 occulta
1684 499 1845 549 nobis

99 587 288 641 5sunt‚
336 595 446 644 quo
496 580 665 631 modo
715 583 1039 630 moveantur
1085 576 1397 640 quibusque
1441 575 1510 626 de
1556 575 1735 625 causis
1781 587 1848 623 ea

144 652 361 721 (quae)
391 659 675 706 versantur
708 655 763 703 in
797 652 989 704 caelo?
1045 653 1166 715 quis
1193 656 1376 702 autem
1403 655 1514 700 tam
1541 648 1846 713 agrestibus

145 731 402 782 institutis
434 731 584 787 vivit,
618 733 713 779 aut
745 729 867 791 quis
900 721 1032 790 <se>
1066 731 1252 777 contra
1278 725 1460 776 studia
1484 729 1710 775 naturae
1736 728 1846 773 tam

145 806 501 857 vehementer
534 803 840 862 obduravit,
874 807 933 853 ut
959 816 991 851 a
1015 802 1178 852 rebus
1206 801 1521 865 cognitione
1549 799 1729 863 dignis
1756 797 1849 847 ab·

146 881 362 933 horreat
394 892 601 942 easque
642 878 760 928 sine
792 877 1078 940 voluptate
1118 881 1212 927 aut
1255 875 1485 926 utilitate
1518 873 1704 937 aliqua
1736 885 1848 923 non

79 967 122 1003 10
146 956 382 1019 requirat
407 958 460 1005 et
485 967 581 1017 pro
610 952 781 1003 nihilo
810 953 999 1015 putet?
1047 956 1141 1001 aut
1166 951 1288 1014 quis
1316 954 1410 1009 est,
1445 950 1539 1012 qui
1563 950 1849 1005 maiorum,

147 1035 241 1081 aut
264 1029 643 1080 Africanorum
671 1032 764 1078 aut
790 1028 922 1085 eiuS,
951 1040 1116 1089 quem
1143 1031 1199 1076 tu
1226 1027 1280 1076 in
1300 1039 1394 1076 ore
1420 1037 1636 1086 semper
1661 1022 1849 1080 habes,

147 1105 338 1168 proavi
370 1104 494 1163 mei,
528 1108 942 1164 ceterorumque
974 1102 1214 1152 virorum
1248 1100 1466 1151 fortium
1500 1103 1665 1161 atque
1699 1097 1850 1149 omni

145 1181 342 1230 virtute
387 1179 780 1242 praestantium
827 1177 982 1235 facta,
1028 1176 1186 1234 dicta,
1235 1174 1465 1226 consilia
1506 1185 1849 1236 cognoscens

148 1254 299 1305 nulla
331 1254 517 1304 animo
552 1253 816 1303 afficiatur
848 1251 1170 1314 voluptate?
1234 1251 1356 1312 quis
1397 1253 1582 1299 autem
1615 1247 1851 1298 honesta

80 1341 123 1376 15
148 1330 202 1380 in
237 1328 443 1379 familia
474 1328 749 1378 institutus
785 1331 837 1377 et
871 1326 1136 1376 educatus
1169 1326 1410 1388 ingenue
1445 1337 1558 1374 non
1592 1323 1714 1385 ipsa
1745 1326 1850 1371 tur-

150 1404 412 1467 pitudine,
447 1403 660 1454 etiamsi
696 1416 822 1452 eum
848 1401 1064 1451 laesura
1089 1414 1201 1451 non
1228 1400 1309 1458 sit,
1343 1398 1671 1449 offenditur?
1727 1396 1849 1458 quis

148 1479 334 1530 animo
363 1492 543 1541 aequo
569 1477 722 1527 videt
747 1490 888 1534 eum,
916 1489 1081 1538 quem
1107 1476 1299 1537 inpure
1318 1487 1383 1523 ac
1407 1473 1680 1536 flagitiose
1699 1475 1852 1534 putet

146 1555 371 1604 vivere?
434 1553 557 1616 quis
590 1566 703 1604 non
737 1551 854 1602 odit
886 1550 1154 1608 sordid08‚
1187 1563 1379 1607 vanOS,
1413 1548 1579 1606 leveS‚
1613 1546 1851 1596 futtiles?

149 1628 282 1691 quid
317 1633 500 1678 autem
535 1627 641 1677 dici
668 1626 878 1689 poterit,
913 1626 957 1675 si
983 1624 1374 1687 turpitudinem
1401 1637 1514 1674 non
1552 1623 1730 1685 ipsam
1758 1635 1852 1683 per

80 1714 126 1750 20
151 1717 211 1754 se
237 1702 557 1766 fugiendam
583 1715 707 1752 esse
732 1704 1054 1758 statuemuS,
1081 1713 1191 1762 quo
1218 1699 1399 1748 minus
1425 1698 1679 1748 homines
1704 1701 1854 1747 tene-

150 1778 274 1828 bras
310 1782 363 1828 et
398 1776 752 1828 solitudinem
778 1776 922 1824 nacti
957 1774 1108 1824 nullo
1136 1773 1408 1824 dedecore
1441 1786 1501 1822 se
1527 1772 1853 1828 abstineant,

150 1853 255 1902 nisi
290 1866 386 1903 eos
421 1865 516 1914 per
549 1865 610 1901 se
642 1851 904 1902 foeditate
938 1862 1039 1899 sua
1077 1848 1355 1911 turpitudo
1397 1848 1520 1910 ipsa
1552 1847 1855 1897 deterreat?

151 1926 575 1978 Innumerabilia
600 1926 706 1976 dici
734 1929 966 1988 possunt
990 1925 1046 1974 in
1071 1923 1213 1973 hanc
1239 1923 1582 1980 sententiam,
1616 1921 1715 1972 sed
1741 1934 1853 1971 non

150 2015 378 2053 necesse
397 2006 492 2052 est.
534 2000 668 2051 nihil
688 2005 770 2051 est
788 2000 949 2057 enim,
976 1998 1045 2050 de
1064 2012 1174 2062 quo
1205 1998 1386 2047 minus
1405 1996 1639 2047 dubitari
1665 1996 1853 2059 possit,

81 2090 126 2126 25
151 2090 319 2140 quam
354 2080 407 2126 et
438 2076 674 2127 honesta
699 2073 1011 2137 expetenda
1044 2087 1138 2136 per
1163 2087 1223 2123 se
1250 2077 1303 2123 et
1328 2072 1527 2123 eodem
1554 2071 1723 2122 modo
1750 2074 1855 2120 tur-

152 2152 244 2215 pia
277 2165 372 2214 per
404 2164 464 2201 se
498 2164 620 2201 esse
655 2149 932 2213 fugienda.

227 2224 535 2277 Constituto
582 2229 765 2275 autem
811 2223 920 2281 illo,
965 2223 1035 2273 de
1081 2236 1192 2285 quo
1234 2225 1360 2272 ante
1406 2220 1658 2278 diximus,
1703 2218 1855 2282 quod

151 2301 448 2352 honestum
477 2297 636 2358 esset,
669 2299 724 2348 id
752 2312 874 2350 esse
900 2297 1081 2348 solum
1107 2297 1331 2354 bonum,
1358 2294 1602 2358 intellegi
1627 2307 1856 2345 necesse

153 2380 236 2427 est
275 2374 442 2437 pluris
483 2375 554 2433 id,
604 2374 755 2437 quod
804 2373 1098 2424 honestum
1147 2372 1228 2430 sit,
1279 2369 1684 2421 aestimandum
1734 2382 1857 2419 esse

83 2462 130 2499 3ο
154 2463 321 2514 quam
355 2450 448 2500 illa
480 2449 678 2507 media,
719 2461 863 2511 quae
904 2461 970 2499 ex
1012 2461 1079 2498 eo
1114 2450 1510 2508 comparentur.
1573 2443 1856 2495 stultitiam

152 2530 339 2577 autem
374 2529 427 2576 et
459 2524 803 2575 timiditatem
838 2527 890 2573 et
934 2522 1252 2572 iniustitiam
1287 2524 1341 2571 et
1380 2519 1856 2582 intemperantiam

230 2688 257 2729 6
290 2690 402 2730 add.
436 2682 668 2738 (‘videtur
693 2685 854 2728 Cicero
879 2685 1127 2736 scripsisse
1159 2694 1216 2724 ea
1241 2693 1362 2733 quae
1393 2685 1631 2724 versantur
1655 2682 1702 2722 in
1728 2680 1859 2722 caelo

154 2750 205 2790 id
235 2750 305 2790 esi
338 2758 542 2799 corpora
574 2740 845 2796 caelestia’)
877 2745 1002 2787 Mdv.
1086 2790 1088 2792 ,
1123 2746 1360 2785 versentur
1383 2742 1467 2783 BE
1590 2741 1615 2782 7
1649 2742 1760 2783 add.
1787 2739 1860 2783 Se.

232 2807 288 2849 10
319 2804 380 2857 et]
415 2809 494 2848 aut
523 2806 607 2847 BE
703 2856 707 2862 .
761 2805 810 2846 11
845 2816 935 2857 pro
968 2806 1047 2847 aut
1077 2802 1396 2845 Africanorum
1440 2797 1757 2843 ‘scribendum
1791 2801 1859 2842 υἰ-

155 2869 294 2909 detur
332 2870 381 2908 ut
413 2865 756 2911 Africanorum,
795 2866 924 2916 qaod
963 2866 1058 2906 iam
1093 2862 1351 2905 Goerenzio
1393 2864 1440 2903 ἰη
1474 2864 1672 2904 mentem
1714 2855 1857 2902 venlt’

154 2927 279 2970 Mdv.
396 2926 450 2967 12
484 2936 576 2976 que
608 2937 698 2966 om.
724 2924 767 2966 A
807 2968 810 2971 ,
884 2923 939 2966 19
972 2923 1120 2975 ipsam
1154 2933 1250 2964 non
1282 2921 1365 2965 BE
1481 2921 1534 2969 31
1569 2921 1860 2966 timiditatem

160 2985 326 3038 Gayet.
359 2987 662 3027 temeritatem

1880 429 1934 469 37

1883 1250 1939 1291 38

1889 2223 1946 2265 39
