2002 3068
156 76 241 122 XII
815 75 1178 122 PRAEFATIO

157 210 268 255 Sex.
301 209 470 255 Atilio.
505 210 659 254 dabis
693 211 855 267 iyitur
887 210 1211 256 tribunatum
1245 212 1314 266 et,
1347 212 1395 255 si
1424 213 1644 267 poteris,
1681 212 1850 258 Tubu-

157 271 237 315 lus
271 281 374 327 quo
408 271 634 314 crimine.
691 268 917 325 Accepto
951 268 1102 314 Attici
1142 279 1390 326 responso
1424 268 1598 316 Cicero
1631 272 1849 317 scribere

156 329 318 386 potuit
362 341 492 385 quae
537 328 755 385 legimus
800 327 850 372 in
895 328 1052 373 altero
1098 330 1162 374 de
1204 329 1288 374 fin.
1330 329 1455 375 libro
1497 343 1543 387 p.
1568 331 1640 383 57,
1661 331 1848 377 14-21.

155 388 315 433 Etiam
341 388 405 440 id,
433 388 570 444 quod
597 387 785 432 ibidem
814 387 967 444 paulo
994 390 1108 444 post
1133 387 1197 444 (V.
1222 388 1281 434 23
1298 401 1391 446 sq.:
1418 390 1593 447 qualis
1621 390 1675 445 Q.
1700 391 1849 436 Pom-

152 449 302 505 peius
343 449 395 491 in
436 447 647 502 foedere
681 447 1006 492 Numantino
1048 448 1332 503 infitiando
1373 448 1492 506 fuit)
1533 449 1751 507 legimus
1784 451 1849 496 de

155 506 212 557 Q.
239 506 498 563 Pompei0‚
532 509 586 551 ut
612 504 786 552 Cicero
820 506 1058 552 scriberet
1089 507 1188 553 hoc
1213 507 1364 553 Attici
1393 520 1637 566 responso
1663 509 1848 555 factum

155 578 267 611 esse
311 566 523 611 videtur.
576 564 633 616 Q.
675 565 810 610 enim
856 565 1132 623 Pompeius
1177 570 1251 612 est
1295 567 1571 625 Pompeius
1614 568 1719 621 ille,
1765 569 1849 626 qui

155 638 269 670 cum
304 623 562 682 Caepione
597 625 772 670 consul
813 625 903 670 fuit
944 628 992 670 et
1031 628 1147 682 post
1191 627 1509 672 consulatum
1543 631 1715 673 contra
1747 628 1850 673 Nu-

153 684 407 730 mantinos
451 685 642 729 bellum
686 684 857 742 gessit.
907 685 1222 732 Procedente
1266 699 1442 733 mense
1486 686 1628 732 lunio
1675 686 1848 734 Cicero

152 744 321 790 scribit
354 745 418 788 ad
451 743 672 789 Atticum
708 742 833 801 (XIII
861 745 929 798 12,
947 743 1016 801 3):
1059 745 1208 791 Nunc
1247 747 1394 791 illam
1433 746 1540 799 περὶ
1564 748 1710 805 τελῶν
1743 746 1849 790 σύν-

151 803 283 856 ταξιν
307 816 438 849 sane
470 804 599 848 mihi
626 804 913 861 probatam
945 804 1123 860 Bruta,
1159 807 1217 850 ut
1249 806 1343 851 tibi
1372 807 1587 863 placuit,
1622 807 1849 864 despon-

154 864 340 918 dimus‚
378 863 534 920 idque
568 875 683 908 eum
717 876 822 908 non
849 865 990 909 nolle
1022 865 1150 909 mihi
1171 866 1445 922 scripsisti,
1479 869 1699 912 exeunte
1724 865 1849 923 (XIII

155 923 222 975 19,
239 921 309 978 4):
343 924 418 967 ita
452 923 650 979 confeci
690 925 919 980 quinque
960 924 1123 969 libros
1163 923 1270 979 περὶ
1300 925 1463 979 τελῶν,
1505 927 1563 970 ut
1592 926 1848 983 Epicurea

150 982 198 1027 L.
236 982 276 1026 T
274 984 515 1039 arquata,
548 981 725 1028 Stoica
756 982 822 1028 M.
851 981 1051 1038 Catoni,
1083 981 1424 1039 περιπατητικὰ
1447 984 1513 1030 Μ.
1538 985 1720 1031 Pisoni
1750 986 1850 1030 da-

151 1054 287 1095 rem,·
325 1040 670 1096 ἀζηλοτύπητον
704 1043 760 1087 id
790 1042 905 1098 fore
935 1044 1210 1099 putaram,
1252 1044 1397 1101 quod
1436 1056 1616 1090 omnes
1650 1046 1727 1090 illi
1758 1046 1849 1091 de-

151 1102 430 1146 cesserant.
479 1101 623 1146 Initio
669 1102 858 1147 mensis
903 1100 1139 1152 Quintilis
1183 1103 1277 1149 hos
1321 1103 1474 1150 libros
1518 1104 1569 1149 in
1613 1104 1849 1150 manibus

150 1161 407 1205 habebant
439 1160 623 1205 librarii
657 1160 808 1206 Attici
844 1164 892 1206 et
925 1161 1083 1218 ipsius
1117 1161 1394 1216 Ciceronis,
1429 1163 1513 1221 qui
1546 1166 1653 1209 tum
1686 1164 1848 1221 queri-

149 1222 226 1265 tur
259 1231 373 1265 cum
407 1219 586 1273 amiCO,
621 1221 759 1277 quod
785 1220 973 1266 Balbus
1007 1222 1071 1267 ab
1098 1234 1160 1267 eo
1195 1222 1424 1279 quintum
1455 1224 1520 1268 de
1551 1223 1736 1268 finibus
1762 1224 1849 1268 de-

150 1279 430 1336 scripsisset
463 1282 512 1324 et
545 1280 683 1337 quod
715 1280 900 1325 librarii
933 1280 1085 1327 Attici
1113 1280 1392 1328 Caerelliae
1424 1282 1663 1328 librorum
1697 1284 1762 1328 de
1793 1283 1848 1328 fi-

149 1338 297 1384 nibus
347 1339 795 1385 describendorum
843 1340 1082 1386 fecissent
1128 1344 1431 1398 potestatem
1481 1340 1565 1398 (ad
1608 1342 1707 1388 Att.
1740 1342 1848 1388 XIII

148 1398 266 1451 23,2
306 1410 438 1455 quos
478 1399 642 1444 Bruto
683 1401 958 1454 mittimus,
1004 1401 1056 1446 in
1097 1402 1342 1447 manibus
1386 1402 1584 1447 habent
1625 1403 1842 1448 librarii.

150 1457 221 1510 21,
239 1457 268 1502 4
286 1470 357 1515 sq.
385 1456 455 1515 [21
478 1471 520 1511 a,
548 1459 662 1516 lsq.
697 1457 908 1516 Muell.]:
940 1460 1035 1505 Dic
1059 1461 1198 1516 mihi,
1231 1462 1472 1518 placetne
1499 1462 1594 1506 tibi
1618 1463 1847 1518 primum

152 1518 303 1563 edere
336 1519 538 1563 iniussu
571 1518 724 1563 meo?
748 1543 803 1549 —
830 1543 885 1549 ——
914 1519 1086 1574 Quid?
1118 1521 1251 1565 illud
1282 1522 1545 1566 rectumne
1577 1522 1847 1567 existimas

155 1578 442 1646 quoiquam
469 1575 636 1647 ⁸<ante
669 1575 863 1635 quam>
899 1578 1076 1634 Bruto,
1111 1581 1193 1625 cui
1226 1581 1274 1625 te
1307 1582 1522 1626 auctore
1554 1581 1849 1650 προςφωγῶῖ

149 1638 363 1741 ῗῑῖέῧῗέ
374 1637 760 1753 §agapii-‘³¹53
775 1638 1106 1754 issdqu'ssenssi
1126 1640 1848 1754 {atieqfflh‘amm‘ffiassff‘ssl}

151 1756 326 1800 tamen
359 1756 638 1813 quaedam.
676 1756 746 1801 Tu
781 1758 956 1802 autem
990 1759 1260 1803 commode
1291 1759 1497 1814 feceris,
1536 1760 1585 1804 si
1616 1760 1845 1816 reliquos

150 1815 481 1870 continueris,
515 1828 579 1861 ne
604 1817 656 1861 et
678 1812 952 1868 ἀδιόρθωτα
976 1817 1175 1862 habeat
1196 1818 1396 1863 Balbus
1421 1820 1473 1864 et
1496 1815 1614 1860 ἕωλα
1637 1818 1846 1864 Brutus,

150 1898 206 1904 —
255 1897 310 1904 —
363 1874 584 1930 Mirifice
642 1874 899 1921 Caerellia
952 1877 1130 1922 studio
1187 1878 1427 1923 uidelicet
1476 1879 1847 1935 philosophiae

148 1933 393 1990 flayrans
434 1934 683 1980 describit
725 1947 759 1980 a
805 1936 929 1990 tuis,
975 1937 1104 1981 istos
1145 1938 1291 1993 ipsos
1332 1938 1397 1982 de
1435 1937 1633 1994 finibus
1674 1937 1845 1983 habet.

149 2003 245 2049 eqo
287 1995 461 2039 autem
505 1994 600 2039 tibi
638 1995 894 2050 confirmo
929 2019 983 2026 -
1015 2007 1233 2052 possum
1272 1996 1393 2052 falli
1435 1998 1494 2042 ut
1534 1997 1690 2042 homo
1724 2021 1779 2028 —
1812 2009 1846 2041 a

149 2052 276 2096 meis
321 2064 437 2098 eam
478 2065 583 2098 non
625 2054 845 2108 habere,·
888 2067 1176 2112 numquam
1218 2056 1364 2101 enim'
1398 2056 1467 2101 ab
1511 2057 1675 2102 oculis
1718 2058 1846 2101 meis

149 2111 410 2166 afuerunt.
445 2114 649 2158 tantum
681 2125 844 2170 porro
879 2114 1086 2169 aberat,
1128 2116 1187 2160 ut
1225 2115 1376 2161 binos
1407 2116 1722 2169 scriberent,·
1761 2117 1847 2161 vix

148 2171 389 2275 2¹23?ssae
415 2172 1228 2289 ia'tlzffg‘ssz'ulffgsssszmff
1253 2176 1575 2280 ἰθῖῑῗέῖἒέῗὲ
1600 2175 1844 2291 zalal?

149 2289 437 2344 missumst,
487 2292 546 2335 ut
591 2292 814 2337 dicerem
861 2304 942 2337 me
990 2304 1078 2338 eos
1127 2294 1266 2339 exire
1310 2294 1544 2339 nondum
1589 2294 1732 2339 uelle.
1788 2293 1846 2338 Et

148 2347 305 2393 biduo
330 2351 444 2405 post
471 2350 535 2394 ad
552 2349 651 2396 Att.
669 2350 778 2396 XIII
795 2351 867 2403 22,
884 2351 934 2396 3:
967 2351 1176 2409 Scripta
1201 2354 1387 2398 nostra
1412 2365 1675 2411 nusquam
1702 2354 1844 2398 malo

148 2419 260 2453 esse
293 2420 452 2465 quam
486 2410 634 2465 apud
666 2411 734 2465 te,
767 2411 863 2456 sed
894 2423 958 2455 ea
992 2412 1100 2456 tum
1132 2412 1282 2467 foras
1315 2413 1456 2467 dari,
1489 2424 1604 2458 cum
1638 2413 1845 2469 utrique

149 2467 388 2512 nostrum
422 2468 695 2514 uidebitur.
729 2481 825 2526 eqo
859 2471 911 2515 et
942 2470 1191 2516 librarios
1225 2473 1343 2517 tuos
1369 2472 1526 2529 culpa
1559 2472 1722 2516 libero
1755 2483 1845 2517 ne-

149 2538 248 2582 que
282 2527 330 2571 te
362 2538 552 2572 accuso
586 2529 638 2573 et
669 2530 844 2574 tamen
877 2530 1028 2574 aliud
1052 2531 1308 2588 quiddam
1334 2531 1408 2576 ad
1440 2533 1488 2577 te
1511 2532 1843 2588 scripseram,

150 2583 458 2631 Caerelliam
507 2588 771 2644 quaedam
815 2586 1064 2645 (habere,
1113 2600 1251 2646 quae
1298 2591 1401 2635 nisi
1440 2602 1474 2635 a
1519 2587 1603 2646 te>
1649 2590 1844 2635 habere

147 2656 252 2690 non
283 2646 529 2702 potuerit.
575 2646 744 2692 Balbo
778 2647 987 2704 quidem
1020 2649 1385 2706 intelleyebam
1424 2651 1515 2695 sat
1541 2649 1840 2706 faciendum

145 2703 321 2758 fuisse,
364 2705 569 2750 tantum
610 2706 853 2752 nolebam
897 2709 994 2752 aut
1023 2708 1314 2754 obsoletum
1346 2708 1510 2754 Bruto
1550 2709 1647 2753 aut
1673 2707 1842 2753 Balbo

146 2763 448 2809 inchoatum
495 2765 629 2811 dari.
667 2765 862 2811 Postea
906 2777 1021 2811 cum
1063 2766 1188 2812 nihil
1231 2767 1282 2812 in
1326 2767 1500 2813 litteris
1543 2766 1840 2819 inveniatur,

146 2822 283 2878 quod
315 2822 562 2879 pertineat
593 2824 658 2869 ad
690 2824 843 2870 libros
876 2825 941 2870 de
972 2825 1179 2878 finibuS‚
1215 2825 1511 2872 Ciceronem
1545 2837 1635 2871 eos
1668 2825 1838 2871 medio

144 2880 247 2928 fere
280 2893 456 2931 mense
485 2881 692 2937 Quintili
726 2883 878 2931 Bruto
912 2883 1110 2931 misisse
1141 2885 1415 2931 verisimile
1449 2888 1536 2939 est,
1570 2887 1839 2943 postquam
