2046 3138
33 173 62 224 §
92 173 204 215 1-5
543 166 628 212 DE
661 164 915 211 FINIBUS
950 163 1099 211 BON.
1134 163 1211 209 ET
1245 163 1396 209 MAL.
1722 170 1815 219 121

127 326 332 369 eorum,
365 310 738 366 Polemonem,
772 307 1227 369 Theophrastum,
1262 307 1392 356 satis
1427 310 1479 356 et
1513 305 1739 367 copiose
1774 310 1826 355 et

128 387 405 450 eleganter
423 384 683 435 habuisse
702 383 1052 434 constitutam
1080 381 1440 444 disciplinam,
1467 384 1525 430 ut
1549 394 1661 431 non
1682 385 1827 430 esset

127 475 294 512 causa
325 460 550 518 Zenoni,
592 472 715 508 cum
749 457 1108 508 Polemonem
1144 456 1401 514 audisset,
1444 470 1535 506 cur
1569 459 1621 505 et
1653 455 1723 505 ab
1758 469 1825 506 eo

125 539 246 599 ipso
283 540 335 586 et
369 549 402 585 a
433 533 804 597 superioribus
839 532 1139 582 dissideret.
1197 545 1430 594 quorum
1464 530 1562 580 fuit
1588 530 1725 580 haec
1750 530 1828 579 in-

77 622 100 657 5
126 611 348 669 stitutio,
398 611 451 659 in
502 622 612 671 qua
660 607 1064 657 animadvertas
1110 606 1277 656 velim
1323 605 1455 668 quid
1500 605 1826 655 mutandum

127 691 284 749 putes
326 699 428 735 nec
469 687 739 746 expectes,
782 683 913 732 dum
955 681 1024 731 ad
1068 682 1255 732 omnia
1295 680 1490 738 dicam,
1533 693 1676 742 quae
1709 693 1742 729 a
1775 684 1827 730 te

126 761 269 811 dicta
317 763 464 816 sunt;
517 758 773 808 universa
825 758 971 807 enim
1021 756 1236 806 illorum
1289 756 1498 806 ratione
1544 769 1667 804 cum
1714 759 1831 805 tota

125 840 306 886 vestra
346 832 758 896 confligendum
801 836 949 895 puto,
1014 832 1106 894 qui
1153 845 1277 882 cum
1317 830 1567 880 viderent
1611 830 1685 879 ita
1725 843 1828 880 nos
1862 835 1888 876 4

129 925 251 961 esse
284 914 458 967 natOS,
493 913 551 958 ut
585 912 638 959 et
672 907 1034 958 communiter
1067 906 1137 956 ad
1173 919 1266 956 eas
1292 906 1517 955 virtutes
1544 905 1655 967 apti
1685 918 1828 955 esse-

61 995 103 1031 ιο
127 999 264 1043 muS,
299 998 442 1047 quae
474 987 640 1034 notae
674 982 1020 1044 illustresque
1054 985 1193 1039 sunt,
1228 981 1488 1030 iustitiam
1523 979 1662 1038 dico,
1696 984 1829 1030 tem-

129 1060 445 1123 perantiam,
480 1062 686 1108 ceteras
721 1058 936 1120 generis
971 1056 1219 1106 eiusdem
1256 1080 1325 1088 —
1360 1069 1504 1118 quae
1534 1068 1728 1105 omnes
1762 1055 1830 1104 si-

127 1134 284 1185 miles
318 1135 513 1184 artium
553 1133 883 1195 reliquarum
925 1131 1151 1181 materia
1196 1135 1407 1180 tantum
1442 1130 1511 1179 ad
1545 1129 1829 1180 meliorem

129 1214 337 1272 partem
365 1213 418 1259 et
442 1208 762 1258 tractatione
788 1206 1044 1257 differunt
1077 1231 1162 1264 —,
1198 1219 1404 1268 easque
1431 1205 1579 1267 ipsas
1603 1205 1830 1254 virtutes

127 1284 376 1335 viderent
407 1297 510 1334 nos
551 1282 992 1346 magnificentius
1026 1285 1284 1343 appetere
1319 1285 1372 1330 et
1404 1279 1697 1338 ardentiuS,
1739 1279 1833 1329 ha-

62 1370 105 1405 15
129 1360 258 1410 bere
292 1359 456 1409 etiam
490 1358 708 1407 insitam
743 1356 1023 1420 quandam
1056 1355 1145 1406 vel
1188 1355 1370 1418 potius
1404 1356 1649 1404 innatam
1685 1355 1834 1417 cupi-

130 1435 355 1484 ditatem
378 1433 639 1484 scientiae
668 1437 941 1494 natosque
972 1445 1095 1481 esse
1121 1431 1192 1480 ad
1223 1430 1710 1493 congregationem
1737 1429 1833 1480 ho-

129 1510 338 1559 minum
373 1512 427 1559 et
459 1507 530 1557 ad
557 1507 876 1558 societatem
904 1506 1468 1568 communitatemque
1494 1505 1710 1568 generis
1737 1504 1834 1554 hu-

130 1585 293 1642 mani,
320 1597 498 1646 eaque
523 1583 578 1632 in
604 1582 857 1632 maximis
884 1582 1119 1644 ingeniis
1146 1581 1385 1631 maxime
1405 1580 1633 1638 elucere,
1659 1584 1831 1630 totam

131 1658 540 1722 philosophiam
566 1657 658 1707 tris
683 1657 737 1706 in
765 1657 929 1719 partis
949 1656 1263 1714 diviserunt,
1291 1669 1457 1718 quam
1486 1655 1832 1717 partitionem

62 1743 108 1781 20
132 1747 165 1783 a
202 1733 428 1784 Zenone
470 1746 592 1783 esse
632 1736 896 1782 retentam
937 1731 1207 1782 videmus,
1281 1744 1511 1793 quarum
1557 1744 1681 1779 cum
1724 1743 1834 1779 una
1868 1735 1893 1776 5

133 1809 214 1867 sit,
249 1822 359 1871 qua
383 1822 563 1858 mores
591 1807 915 1857 conformari
943 1810 1213 1869 putantur,
1240 1805 1431 1856 differo
1461 1819 1583 1855 eam
1610 1809 1834 1867 partem,

134 1897 277 1946 quae
311 1883 469 1946 quasi
511 1883 670 1944 stirps
713 1886 795 1932 est
835 1881 998 1931 huius
1039 1881 1395 1944 quaestionis,
1460 1880 1553 1942 qui
1587 1880 1655 1930 sit
1689 1879 1834 1929 enim

134 1958 258 2008 finis
291 1958 579 2016 bonorum,
613 1971 757 2015 mox,
791 1956 898 2008 hoc
932 1956 1055 2007 loco
1089 1960 1300 2006 tantum
1329 1956 1468 2014 dico,
1503 1969 1536 2004 a
1559 1955 1835 2005 veteribus

134 2033 504 2095 Peripateticis
529 2031 1004 2094 Academicisque,
1039 2032 1132 2094 qui
1159 2045 1214 2081 re
1241 2030 1648 2081 consentientes
1673 2043 1838 2080 voca-

65 2118 110 2154 25
134 2107 276 2158 bulis
318 2107 654 2165 differebant,
697 2121 823 2156 eum
865 2106 1063 2164 locum,
1108 2120 1273 2168 quem
1317 2105 1533 2155 civilem
1567 2109 1710 2155 recte
1744 2118 1838 2166 ap-

135 2182 384 2245 pellaturi
408 2181 674 2240 videmur,
709 2179 901 2231 Graeci
934 2176 1234 2238 πολιτικόν,
1269 2180 1504 2243 graviter
1530 2184 1583 2230 et
1609 2180 1837 2242 copiose

135 2271 258 2308 esse
297 2261 597 2307 tractatum.

211 2329 392 2387 Quam
438 2330 611 2382 multa
661 2330 737 2380 illi
790 2330 860 2380 de
904 2344 960 2380 re
1009 2329 1231 2392 publica
1275 2330 1619 2391 scripserunt,
1670 2342 1836 2392 quam
1873 2330 1904 2380 3

135 2407 308 2457 multa
348 2406 417 2457 de
458 2406 696 2469 legibus!
762 2419 928 2468 quam
962 2404 1134 2454 multa
1176 2418 1289 2455 non
1330 2404 1511 2455 solum
1547 2399 1839 2467 praecepta

66 2492 112 2528 3ο
135 2482 190 2531 in
227 2482 445 2539 artibuS,
490 2481 588 2531 sed
623 2481 787 2531 etiam
823 2478 1076 2542 exempla
1115 2479 1170 2529 in
1205 2479 1543 2530 orationibus
1585 2479 1728 2529 bene
1762 2479 1840 2528 di-

137 2556 295 2607 cendi
340 2556 692 2618 reliquerunt!
758 2555 990 2618 primum
1034 2555 1179 2604 enim
1221 2555 1342 2618 ipsa
1381 2554 1488 2613 illa,
1529 2568 1673 2617 quae
1714 2554 1840 2604 sub-

138 2631 297 2682 tiliter
341 2630 663 2681 disserenda
707 2634 872 2687 erant,
926 2629 1095 2692 polite
1141 2634 1380 2692 apteque
1426 2629 1678 2679 dixerunt
1724 2633 1839 2678 tum

140 2706 480 2764 definientes,
524 2710 639 2755 tum
686 2705 993 2767 partienteS,
1040 2708 1098 2754 ut
1140 2705 1304 2755 vestri
1355 2705 1543 2761 etiam;
1595 2704 1693 2754 sed
1737 2717 1840 2753 vos

213 2838 241 2878 6
273 2850 301 2878 a
340 2841 384 2879 te
424 2840 494 2880 ρας
533 2840 683 2889 princ.
725 2839 855 2879 Rom.
898 2841 1005 2878 ante
1160 2837 1213 2879 15
1258 2839 1440 2878 insitam
1491 2838 1724 2887 quandam
1767 2838 1842 2878 vel

141 2899 294 2947 potius
326 2900 440 2940 dett.
474 2899 754 2948 insitamque
787 2898 1020 2948 quandam
1052 2898 1178 2939 velut
1210 2895 1372 2949 (etiam
1406 2897 1470 2944 A,
1510 2897 1650 2938 velud
1681 2895 1840 2948 BEN)

141 2958 294 3007 potius
320 2954 524 3008 (pocius)
550 2954 754 3007 (insitam
790 2958 922 3007 quasi
955 2958 1188 3007 quandam
1214 2959 1316 3000 cod.
1337 2955 1555 3013 ᾶὶοραυ.)
1648 2957 1701 3002 21
1731 2968 1841 3001 con-

141 3016 305 3066 firmari
339 3013 701 3068 (emendavi-sse
733 3019 918 3064 videtur
948 3017 998 3061 A.
1021 3013 1167 3060 Man.’
1194 3014 1340 3067 Μαυ.)
