<?xml version="1.0" encoding="UTF-8"?>
<!DOCTYPE html PUBLIC "-//W3C//DTD XHTML 1.0 Transitional//EN"
    "http://www.w3.org/TR/xhtml1/DTD/xhtml1-transitional.dtd">
<html xmlns="http://www.w3.org/1999/xhtml" xml:lang="en" lang="en">
 <head>
  <title>
</title>
<meta http-equiv="Content-Type" content="text/html;charset=utf-8" />
  <meta name='ocr-system' content='tesseract 3.04.00' />
  <meta name='ocr-capabilities' content='ocr_page ocr_carea ocr_par ocr_line ocrx_word'/>
</head>
<body>
  <div class='ocr_page' id='page_1' title='image "./p1scriptaquaeman13ciceuoft_0117.png"; bbox 0 0 2046 3138; ppageno 0'>
   <div class='ocr_carea' id='block_1_1' title="bbox 13 132 1802 195">
    <p class='ocr_par' dir='ltr' id='par_1_1' title="bbox 13 132 1802 195">
     <span class='ocr_line' id='line_1_1' title="bbox 13 132 1802 195; baseline -0.001 -10"><span class='ocrx_word' id='word_1_1' title='bbox 13 140 41 195; x_wconf 69' lang='grc' dir='ltr'>ξ</span> <span class='ocrx_word' id='word_1_2' title='bbox 68 140 242 185; x_wconf 86' lang='lat'>20—-25</span> <span class='ocrx_word' id='word_1_3' title='bbox 529 134 614 184; x_wconf 90' lang='lat' dir='ltr'>DE</span> <span class='ocrx_word' id='word_1_4' title='bbox 647 135 900 185; x_wconf 85' lang='lat' dir='ltr'>FINIBUS</span> <span class='ocrx_word' id='word_1_5' title='bbox 934 132 1082 185; x_wconf 89' lang='lat' dir='ltr'>BON.</span> <span class='ocrx_word' id='word_1_6' title='bbox 1117 134 1195 183; x_wconf 89' lang='lat' dir='ltr'>ET</span> <span class='ocrx_word' id='word_1_7' title='bbox 1227 132 1379 184; x_wconf 82' lang='lat' dir='ltr'><strong>MAL.</strong></span> <span class='ocrx_word' id='word_1_8' title='bbox 1733 140 1802 194; x_wconf 86' lang='lat'>97</span> 
     </span>
    </p>
   </div>
   <div class='ocr_carea' id='block_1_2' title="bbox 0 280 1894 2736">
    <p class='ocr_par' dir='ltr' id='par_1_2' title="bbox 0 280 1894 2736">
     <span class='ocr_line' id='line_1_2' title="bbox 102 280 1805 339; baseline -0.001 -8"><span class='ocrx_word' id='word_1_9' title='bbox 102 281 294 332; x_wconf 88' lang='lat' dir='ltr'>tudine</span> <span class='ocrx_word' id='word_1_10' title='bbox 328 282 515 331; x_wconf 94' lang='lat' dir='ltr'>omnia</span> <span class='ocrx_word' id='word_1_11' title='bbox 555 281 662 330; x_wconf 91' lang='lat' dir='ltr'>sint</span> <span class='ocrx_word' id='word_1_12' title='bbox 702 280 967 339; x_wconf 81' lang='lat' dir='ltr'>facienda,</span> <span class='ocrx_word' id='word_1_13' title='bbox 1009 285 1066 330; x_wconf 92' lang='lat' dir='ltr'>ut</span> <span class='ocrx_word' id='word_1_14' title='bbox 1106 280 1379 339; x_wconf 83' lang='lat' dir='ltr'>conliniet,</span> <span class='ocrx_word' id='word_1_15' title='bbox 1421 284 1474 330; x_wconf 92' lang='lat' dir='ltr'>et</span> <span class='ocrx_word' id='word_1_16' title='bbox 1506 284 1705 339; x_wconf 89' lang='lat' dir='ltr'>tamen,</span> <span class='ocrx_word' id='word_1_17' title='bbox 1746 283 1805 329; x_wconf 92' lang='lat' dir='ltr'>ut</span> 
     </span>
     <span class='ocr_line' id='line_1_3' title="bbox 105 354 1803 419; baseline -0.002 -13"><span class='ocrx_word' id='word_1_18' title='bbox 105 357 291 407; x_wconf 92' lang='lat' dir='ltr'>omnia</span> <span class='ocrx_word' id='word_1_19' title='bbox 316 356 492 415; x_wconf 85' lang='lat' dir='ltr'>faciat,</span> <span class='ocrx_word' id='word_1_20' title='bbox 527 370 637 418; x_wconf 91' lang='lat' dir='ltr'>quo</span> <span class='ocrx_word' id='word_1_21' title='bbox 671 357 1012 418; x_wconf 90' lang='lat' dir='ltr'>propositum</span> <span class='ocrx_word' id='word_1_22' title='bbox 1040 355 1387 419; x_wconf 90' lang='lat' dir='ltr'>adsequatur,</span> <span class='ocrx_word' id='word_1_23' title='bbox 1422 356 1489 405; x_wconf 92' lang='lat' dir='ltr'>sit</span> <span class='ocrx_word' id='word_1_24' title='bbox 1514 354 1620 406; x_wconf 92' lang='lat' dir='ltr'>hoc</span> <span class='ocrx_word' id='word_1_25' title='bbox 1646 354 1803 418; x_wconf 86' lang='lat' dir='ltr'>quasi</span> 
     </span>
     <span class='ocr_line' id='line_1_4' title="bbox 103 429 1803 493; baseline 0 -13"><span class='ocrx_word' id='word_1_26' title='bbox 103 431 370 489; x_wconf 93' lang='lat' dir='ltr'>ultimum,</span> <span class='ocrx_word' id='word_1_27' title='bbox 412 430 575 493; x_wconf 88' lang='lat' dir='ltr'>quale</span> <span class='ocrx_word' id='word_1_28' title='bbox 616 444 719 481; x_wconf 91' lang='lat' dir='ltr'>nos</span> <span class='ocrx_word' id='word_1_29' title='bbox 753 444 1030 480; x_wconf 91' lang='lat' dir='ltr'>summum</span> <span class='ocrx_word' id='word_1_30' title='bbox 1072 431 1126 480; x_wconf 92' lang='lat' dir='ltr'>in</span> <span class='ocrx_word' id='word_1_31' title='bbox 1159 431 1272 480; x_wconf 89' lang='lat' dir='ltr'>vita</span> <span class='ocrx_word' id='word_1_32' title='bbox 1313 430 1522 481; x_wconf 91' lang='lat' dir='ltr'>bonum</span> <span class='ocrx_word' id='word_1_33' title='bbox 1556 429 1803 489; x_wconf 83' lang='lat' dir='ltr'>dicimuS‚</span> 
     </span>
     <span class='ocr_line' id='line_1_5' title="bbox 103 504 1804 569; baseline 0.001 -15"><span class='ocrx_word' id='word_1_34' title='bbox 103 505 236 555; x_wconf 92' lang='lat' dir='ltr'>illud</span> <span class='ocrx_word' id='word_1_35' title='bbox 271 511 469 564; x_wconf 90' lang='lat' dir='ltr'>autem,</span> <span class='ocrx_word' id='word_1_36' title='bbox 503 510 562 555; x_wconf 92' lang='lat' dir='ltr'>ut</span> <span class='ocrx_word' id='word_1_37' title='bbox 595 504 762 563; x_wconf 88' lang='lat' dir='ltr'>feriat,</span> <span class='ocrx_word' id='word_1_38' title='bbox 798 506 955 568; x_wconf 82' lang='lat' dir='ltr'><strong>quasi</strong></span> <span class='ocrx_word' id='word_1_39' title='bbox 997 504 1358 569; x_wconf 84' lang='lat' dir='ltr'>seligendum,</span> <span class='ocrx_word' id='word_1_40' title='bbox 1399 519 1511 557; x_wconf 94' lang='lat' dir='ltr'>non</span> <span class='ocrx_word' id='word_1_41' title='bbox 1547 509 1804 568; x_wconf 86' lang='lat' dir='ltr'>expeten-</span> 
     </span>
     <span class='ocr_line' id='line_1_6' title="bbox 58 580 1869 660; baseline 0.003 -33"><span class='ocrx_word' id='word_1_42' title='bbox 58 593 81 627; x_wconf 89' lang='lat'>5</span> <span class='ocrx_word' id='word_1_43' title='bbox 106 580 253 631; x_wconf 87' lang='lat' dir='ltr'>dum.</span> <span class='ocrx_word' id='word_1_44' title='bbox 1839 611 1869 660; x_wconf 89' lang='lat'>7</span> 
     </span>
     <span class='ocr_line' id='line_1_7' title="bbox 183 653 1894 724; baseline -0.001 -18"><span class='ocrx_word' id='word_1_45' title='bbox 183 653 319 706; x_wconf 87' lang='lat' dir='ltr'>Cum</span> <span class='ocrx_word' id='word_1_46' title='bbox 354 659 538 705; x_wconf 88' lang='lat' dir='ltr'>autem</span> <span class='ocrx_word' id='word_1_47' title='bbox 573 656 760 705; x_wconf 91' lang='lat' dir='ltr'>omnia</span> <span class='ocrx_word' id='word_1_48' title='bbox 794 654 975 705; x_wconf 76' lang='lat' dir='ltr'>officia</span> <span class='ocrx_word' id='word_1_49' title='bbox 1008 668 1041 704; x_wconf 93' lang='lat' dir='ltr'>a</span> <span class='ocrx_word' id='word_1_50' title='bbox 1074 655 1350 717; x_wconf 90' lang='lat' dir='ltr'>principiis</span> <span class='ocrx_word' id='word_1_51' title='bbox 1384 659 1610 705; x_wconf 91' lang='lat' dir='ltr'>naturae</span> <span class='ocrx_word' id='word_1_52' title='bbox 1644 654 1804 718; x_wconf 81' lang='lat' dir='ltr'>proii-</span> <span class='ocrx_word' id='word_1_53' title='bbox 1838 682 1894 724; x_wconf 87' lang='lat'>23</span> 
     </span>
     <span class='ocr_line' id='line_1_8' title="bbox 108 728 1805 792; baseline 0 -13"><span class='ocrx_word' id='word_1_54' title='bbox 108 730 390 788; x_wconf 91' lang='lat' dir='ltr'>ciscantur,</span> <span class='ocrx_word' id='word_1_55' title='bbox 424 730 493 779; x_wconf 90' lang='lat' dir='ltr'>ab</span> <span class='ocrx_word' id='word_1_56' title='bbox 528 729 703 779; x_wconf 91' lang='lat' dir='ltr'>isdem</span> <span class='ocrx_word' id='word_1_57' title='bbox 730 743 958 779; x_wconf 92' lang='lat' dir='ltr'>necesse</span> <span class='ocrx_word' id='word_1_58' title='bbox 985 735 1066 779; x_wconf 92' lang='lat' dir='ltr'>est</span> <span class='ocrx_word' id='word_1_59' title='bbox 1091 729 1360 792; x_wconf 83' lang='lat' dir='ltr'>proficisci</span> <span class='ocrx_word' id='word_1_60' title='bbox 1386 730 1563 792; x_wconf 85' lang='lat' dir='ltr'>ipsam</span> <span class='ocrx_word' id='word_1_61' title='bbox 1589 728 1805 792; x_wconf 89' lang='lat' dir='ltr'>sapien-</span> 
     </span>
     <span class='ocr_line' id='line_1_9' title="bbox 106 804 1805 867; baseline 0.001 -14"><span class='ocrx_word' id='word_1_62' title='bbox 106 806 252 855; x_wconf 85' lang='lat' dir='ltr'>tiam.</span> <span class='ocrx_word' id='word_1_63' title='bbox 316 804 415 854; x_wconf 91' lang='lat' dir='ltr'>sed</span> <span class='ocrx_word' id='word_1_64' title='bbox 457 818 622 866; x_wconf 92' lang='lat' dir='ltr'>quem</span> <span class='ocrx_word' id='word_1_65' title='bbox 665 805 734 854; x_wconf 93' lang='lat' dir='ltr'>ad</span> <span class='ocrx_word' id='word_1_66' title='bbox 768 804 997 854; x_wconf 91' lang='lat' dir='ltr'>modum</span> <span class='ocrx_word' id='word_1_67' title='bbox 1031 818 1199 867; x_wconf 86' lang='lat' dir='ltr'>saepe</span> <span class='ocrx_word' id='word_1_68' title='bbox 1232 804 1305 863; x_wconf 83' lang='lat' dir='ltr'>iit,</span> <span class='ocrx_word' id='word_1_69' title='bbox 1346 810 1405 854; x_wconf 94' lang='lat' dir='ltr'>ut</span> <span class='ocrx_word' id='word_1_70' title='bbox 1437 805 1496 862; x_wconf 90' lang='lat' dir='ltr'>is,</span> <span class='ocrx_word' id='word_1_71' title='bbox 1531 805 1623 867; x_wconf 90' lang='lat' dir='ltr'>qui</span> <span class='ocrx_word' id='word_1_72' title='bbox 1658 818 1805 855; x_wconf 90' lang='lat' dir='ltr'>com-</span> 
     </span>
     <span class='ocr_line' id='line_1_10' title="bbox 107 878 1803 942; baseline 0.001 -14"><span class='ocrx_word' id='word_1_73' title='bbox 107 879 398 929; x_wconf 90' lang='lat' dir='ltr'>mendatus</span> <span class='ocrx_word' id='word_1_74' title='bbox 425 879 493 928; x_wconf 89' lang='lat' dir='ltr'>sit</span> <span class='ocrx_word' id='word_1_75' title='bbox 518 879 694 938; x_wconf 92' lang='lat' dir='ltr'>alicui,</span> <span class='ocrx_word' id='word_1_76' title='bbox 722 879 888 942; x_wconf 92' lang='lat' dir='ltr'>pluris</span> <span class='ocrx_word' id='word_1_77' title='bbox 917 892 1041 928; x_wconf 90' lang='lat' dir='ltr'>eum</span> <span class='ocrx_word' id='word_1_78' title='bbox 1069 879 1243 938; x_wconf 84' lang='lat' dir='ltr'>faciat,</span> <span class='ocrx_word' id='word_1_79' title='bbox 1272 880 1357 929; x_wconf 92' lang='lat' dir='ltr'>cui</span> <span class='ocrx_word' id='word_1_80' title='bbox 1385 878 1803 930; x_wconf 91' lang='lat' dir='ltr'>commendatus</span> 
     </span>
     <span class='ocr_line' id='line_1_11' title="bbox 40 952 1803 1016; baseline 0.001 -14"><span class='ocrx_word' id='word_1_81' title='bbox 40 967 83 1002; x_wconf 83' lang='grc' dir='ltr'>ιο</span> <span class='ocrx_word' id='word_1_82' title='bbox 107 954 188 1012; x_wconf 88' lang='lat' dir='ltr'>sit,</span> <span class='ocrx_word' id='word_1_83' title='bbox 231 967 397 1016; x_wconf 89' lang='lat' dir='ltr'>quam</span> <span class='ocrx_word' id='word_1_84' title='bbox 438 952 605 1012; x_wconf 92' lang='lat' dir='ltr'>illum,</span> <span class='ocrx_word' id='word_1_85' title='bbox 647 967 679 1003; x_wconf 93' lang='lat' dir='ltr'>a</span> <span class='ocrx_word' id='word_1_86' title='bbox 721 967 846 1016; x_wconf 90' lang='lat' dir='ltr'>quo,</span> <span class='ocrx_word' id='word_1_87' title='bbox 887 955 965 1003; x_wconf 92' lang='lat' dir='ltr'>sic</span> <span class='ocrx_word' id='word_1_88' title='bbox 1004 955 1229 1004; x_wconf 93' lang='lat' dir='ltr'>minime</span> <span class='ocrx_word' id='word_1_89' title='bbox 1269 955 1464 1004; x_wconf 93' lang='lat' dir='ltr'>mirum</span> <span class='ocrx_word' id='word_1_90' title='bbox 1507 958 1588 1004; x_wconf 91' lang='lat' dir='ltr'>est</span> <span class='ocrx_word' id='word_1_91' title='bbox 1628 955 1803 1016; x_wconf 92' lang='lat' dir='ltr'>primo</span> 
     </span>
     <span class='ocr_line' id='line_1_12' title="bbox 103 1028 1803 1091; baseline 0.001 -14"><span class='ocrx_word' id='word_1_92' title='bbox 103 1042 206 1079; x_wconf 90' lang='lat' dir='ltr'>nos</span> <span class='ocrx_word' id='word_1_93' title='bbox 225 1029 530 1091; x_wconf 85' lang='lat' dir='ltr'>sapientiae</span> <span class='ocrx_word' id='word_1_94' title='bbox 550 1028 923 1079; x_wconf 91' lang='lat' dir='ltr'>commendari</span> <span class='ocrx_word' id='word_1_95' title='bbox 942 1029 1012 1078; x_wconf 91' lang='lat' dir='ltr'>ab</span> <span class='ocrx_word' id='word_1_96' title='bbox 1031 1029 1194 1078; x_wconf 90' lang='lat' dir='ltr'>initiis</span> <span class='ocrx_word' id='word_1_97' title='bbox 1213 1034 1454 1087; x_wconf 89' lang='lat' dir='ltr'>naturae,</span> <span class='ocrx_word' id='word_1_98' title='bbox 1475 1033 1600 1090; x_wconf 92' lang='lat' dir='ltr'>post</span> <span class='ocrx_word' id='word_1_99' title='bbox 1619 1034 1803 1079; x_wconf 90' lang='lat' dir='ltr'>autem</span> 
     </span>
     <span class='ocr_line' id='line_1_13' title="bbox 103 1103 1804 1166; baseline 0.001 -14"><span class='ocrx_word' id='word_1_100' title='bbox 103 1104 280 1165; x_wconf 91' lang='lat' dir='ltr'>ipsam</span> <span class='ocrx_word' id='word_1_101' title='bbox 315 1104 642 1166; x_wconf 90' lang='lat' dir='ltr'>sapientiam</span> <span class='ocrx_word' id='word_1_102' title='bbox 675 1104 836 1154; x_wconf 92' lang='lat' dir='ltr'>nobis</span> <span class='ocrx_word' id='word_1_103' title='bbox 871 1105 1132 1154; x_wconf 92' lang='lat' dir='ltr'>cariorem</span> <span class='ocrx_word' id='word_1_104' title='bbox 1165 1103 1295 1162; x_wconf 77' lang='lat' dir='ltr'>fieri,</span> <span class='ocrx_word' id='word_1_105' title='bbox 1343 1117 1510 1166; x_wconf 91' lang='lat' dir='ltr'>quam</span> <span class='ocrx_word' id='word_1_106' title='bbox 1551 1103 1643 1153; x_wconf 94' lang='lat' dir='ltr'>illa</span> <span class='ocrx_word' id='word_1_107' title='bbox 1683 1104 1804 1162; x_wconf 89' lang='lat' dir='ltr'>sint,</span> 
     </span>
     <span class='ocr_line' id='line_1_14' title="bbox 105 1178 1804 1241; baseline 0.001 -14"><span class='ocrx_word' id='word_1_108' title='bbox 105 1192 137 1227; x_wconf 92' lang='lat' dir='ltr'>a</span> <span class='ocrx_word' id='word_1_109' title='bbox 170 1178 370 1241; x_wconf 90' lang='lat' dir='ltr'>quibus</span> <span class='ocrx_word' id='word_1_110' title='bbox 405 1178 475 1227; x_wconf 91' lang='lat' dir='ltr'>ad</span> <span class='ocrx_word' id='word_1_111' title='bbox 509 1178 652 1228; x_wconf 93' lang='lat' dir='ltr'>hanc</span> <span class='ocrx_word' id='word_1_112' title='bbox 683 1179 1010 1228; x_wconf 82' lang='lat' dir='ltr'>venerimus,</span> <span class='ocrx_word' id='word_1_113' title='bbox 1067 1183 1233 1241; x_wconf 89' lang='lat' dir='ltr'>atque</span> <span class='ocrx_word' id='word_1_114' title='bbox 1273 1183 1332 1228; x_wconf 92' lang='lat' dir='ltr'>ut</span> <span class='ocrx_word' id='word_1_115' title='bbox 1363 1178 1611 1228; x_wconf 91' lang='lat' dir='ltr'>membra</span> <span class='ocrx_word' id='word_1_116' title='bbox 1642 1178 1804 1229; x_wconf 94' lang='lat' dir='ltr'>nobis</span> 
     </span>
     <span class='ocr_line' id='line_1_15' title="bbox 104 1252 1806 1316; baseline 0.001 -14"><span class='ocrx_word' id='word_1_117' title='bbox 104 1254 177 1302; x_wconf 89' lang='lat' dir='ltr'>ita</span> <span class='ocrx_word' id='word_1_118' title='bbox 211 1253 340 1302; x_wconf 88' lang='lat' dir='ltr'>data</span> <span class='ocrx_word' id='word_1_119' title='bbox 379 1257 519 1311; x_wconf 91' lang='lat' dir='ltr'>sunt,</span> <span class='ocrx_word' id='word_1_120' title='bbox 564 1258 622 1303; x_wconf 92' lang='lat' dir='ltr'>ut</span> <span class='ocrx_word' id='word_1_121' title='bbox 666 1253 737 1302; x_wconf 93' lang='lat' dir='ltr'>ad</span> <span class='ocrx_word' id='word_1_122' title='bbox 780 1252 1059 1316; x_wconf 90' lang='lat' dir='ltr'>quandam</span> <span class='ocrx_word' id='word_1_123' title='bbox 1099 1254 1367 1304; x_wconf 88' lang='lat' dir='ltr'>rationem</span> <span class='ocrx_word' id='word_1_124' title='bbox 1406 1252 1632 1303; x_wconf 89' lang='lat' dir='ltr'>vivendi</span> <span class='ocrx_word' id='word_1_125' title='bbox 1676 1252 1806 1303; x_wconf 90' lang='lat' dir='ltr'>data</span> 
     </span>
     <span class='ocr_line' id='line_1_16' title="bbox 35 1321 1805 1392; baseline 0.001 -15"><span class='ocrx_word' id='word_1_126' title='bbox 35 1342 78 1377; x_wconf 91' lang='lat'>15</span> <span class='ocrx_word' id='word_1_127' title='bbox 104 1341 226 1377; x_wconf 91' lang='lat' dir='ltr'>esse</span> <span class='ocrx_word' id='word_1_128' title='bbox 259 1332 574 1390; x_wconf 92' lang='lat' dir='ltr'>appareant,</span> <span class='ocrx_word' id='word_1_129' title='bbox 615 1329 692 1377; x_wconf 93' lang='lat' dir='ltr'>sic</span> <span class='ocrx_word' id='word_1_130' title='bbox 725 1328 988 1390; x_wconf 88' lang='lat' dir='ltr'>appetitio</span> <span class='ocrx_word' id='word_1_131' title='bbox 1023 1329 1205 1387; x_wconf 90' lang='lat' dir='ltr'>animi,</span> <span class='ocrx_word' id='word_1_132' title='bbox 1247 1341 1389 1391; x_wconf 91' lang='lat' dir='ltr'>quae</span> <span class='ocrx_word' id='word_1_133' title='bbox 1422 1321 1564 1392; x_wconf 81' lang='grc' dir='ltr'><em>ὁρμή</em></span> <span class='ocrx_word' id='word_1_134' title='bbox 1597 1326 1805 1379; x_wconf 88' lang='lat' dir='ltr'>Graece</span> 
     </span>
     <span class='ocr_line' id='line_1_17' title="bbox 101 1402 1804 1466; baseline 0.001 -15"><span class='ocrx_word' id='word_1_135' title='bbox 101 1407 342 1462; x_wconf 89' lang='lat' dir='ltr'>vocatur,</span> <span class='ocrx_word' id='word_1_136' title='bbox 376 1416 488 1453; x_wconf 94' lang='lat' dir='ltr'>non</span> <span class='ocrx_word' id='word_1_137' title='bbox 523 1402 593 1452; x_wconf 93' lang='lat' dir='ltr'>ad</span> <span class='ocrx_word' id='word_1_138' title='bbox 621 1402 857 1465; x_wconf 91' lang='lat' dir='ltr'>quodvis</span> <span class='ocrx_word' id='word_1_139' title='bbox 891 1415 1067 1466; x_wconf 87' lang='lat' dir='ltr'>genus</span> <span class='ocrx_word' id='word_1_140' title='bbox 1098 1404 1260 1461; x_wconf 91' lang='lat' dir='ltr'>vitae,</span> <span class='ocrx_word' id='word_1_141' title='bbox 1293 1403 1391 1453; x_wconf 91' lang='lat' dir='ltr'>sed</span> <span class='ocrx_word' id='word_1_142' title='bbox 1426 1403 1496 1452; x_wconf 90' lang='lat' dir='ltr'>ad</span> <span class='ocrx_word' id='word_1_143' title='bbox 1523 1402 1804 1466; x_wconf 88' lang='lat' dir='ltr'>quandam</span> 
     </span>
     <span class='ocr_line' id='line_1_18' title="bbox 102 1477 1805 1541; baseline 0.001 -15"><span class='ocrx_word' id='word_1_144' title='bbox 102 1477 332 1528; x_wconf 81' lang='lat' dir='ltr'>formam</span> <span class='ocrx_word' id='word_1_145' title='bbox 365 1477 590 1527; x_wconf 91' lang='lat' dir='ltr'>vivendi</span> <span class='ocrx_word' id='word_1_146' title='bbox 623 1477 837 1527; x_wconf 91' lang='lat' dir='ltr'>videtur</span> <span class='ocrx_word' id='word_1_147' title='bbox 878 1477 1020 1536; x_wconf 90' lang='lat' dir='ltr'>data,</span> <span class='ocrx_word' id='word_1_148' title='bbox 1061 1479 1304 1541; x_wconf 89' lang='lat' dir='ltr'>itemque</span> <span class='ocrx_word' id='word_1_149' title='bbox 1338 1482 1390 1528; x_wconf 88' lang='lat' dir='ltr'>et</span> <span class='ocrx_word' id='word_1_150' title='bbox 1429 1478 1565 1528; x_wconf 87' lang='lat' dir='ltr'>ratio</span> <span class='ocrx_word' id='word_1_151' title='bbox 1601 1482 1654 1528; x_wconf 92' lang='lat' dir='ltr'>et</span> <span class='ocrx_word' id='word_1_152' title='bbox 1688 1491 1805 1540; x_wconf 87' lang='lat' dir='ltr'>per-</span> 
     </span>
     <span class='ocr_line' id='line_1_19' title="bbox 102 1551 1893 1611; baseline -0.001 -10"><span class='ocrx_word' id='word_1_153' title='bbox 102 1552 243 1602; x_wconf 78' lang='lat' dir='ltr'>fecta</span> <span class='ocrx_word' id='word_1_154' title='bbox 274 1553 426 1602; x_wconf 90' lang='lat' dir='ltr'>ratio.</span> <span class='ocrx_word' id='word_1_155' title='bbox 483 1557 542 1602; x_wconf 92' lang='lat' dir='ltr'>ut</span> <span class='ocrx_word' id='word_1_156' title='bbox 575 1553 721 1602; x_wconf 90' lang='lat' dir='ltr'>enim</span> <span class='ocrx_word' id='word_1_157' title='bbox 748 1552 995 1602; x_wconf 90' lang='lat' dir='ltr'>histrioni</span> <span class='ocrx_word' id='word_1_158' title='bbox 1022 1554 1179 1611; x_wconf 91' lang='lat' dir='ltr'>actio,</span> <span class='ocrx_word' id='word_1_159' title='bbox 1214 1551 1456 1603; x_wconf 90' lang='lat' dir='ltr'>saltatori</span> <span class='ocrx_word' id='word_1_160' title='bbox 1482 1557 1664 1604; x_wconf 92' lang='lat' dir='ltr'>motus</span> <span class='ocrx_word' id='word_1_161' title='bbox 1690 1566 1803 1604; x_wconf 93' lang='lat' dir='ltr'>non</span> <span class='ocrx_word' id='word_1_162' title='bbox 1838 1559 1893 1600; x_wconf 88' lang='lat'>24</span> 
     </span>
     <span class='ocr_line' id='line_1_20' title="bbox 104 1627 1805 1691; baseline 0.001 -15"><span class='ocrx_word' id='word_1_163' title='bbox 104 1627 298 1689; x_wconf 64' lang='lat' dir='ltr'>qu—iviS,</span> <span class='ocrx_word' id='word_1_164' title='bbox 332 1627 430 1677; x_wconf 91' lang='lat' dir='ltr'>sed</span> <span class='ocrx_word' id='word_1_165' title='bbox 466 1631 641 1677; x_wconf 90' lang='lat' dir='ltr'>certus</span> <span class='ocrx_word' id='word_1_166' title='bbox 668 1627 893 1689; x_wconf 90' lang='lat' dir='ltr'>quidam</span> <span class='ocrx_word' id='word_1_167' title='bbox 920 1632 1002 1677; x_wconf 91' lang='lat' dir='ltr'>est</span> <span class='ocrx_word' id='word_1_168' title='bbox 1028 1627 1203 1686; x_wconf 81' lang='lat' dir='ltr'>datuS,</span> <span class='ocrx_word' id='word_1_169' title='bbox 1237 1628 1315 1677; x_wconf 93' lang='lat' dir='ltr'>sic</span> <span class='ocrx_word' id='word_1_170' title='bbox 1338 1628 1453 1677; x_wconf 90' lang='lat' dir='ltr'>vita</span> <span class='ocrx_word' id='word_1_171' title='bbox 1477 1627 1697 1691; x_wconf 87' lang='lat' dir='ltr'>agenda</span> <span class='ocrx_word' id='word_1_172' title='bbox 1722 1633 1805 1678; x_wconf 92' lang='lat' dir='ltr'>est</span> 
     </span>
     <span class='ocr_line' id='line_1_21' title="bbox 30 1701 1805 1765; baseline 0.001 -15"><span class='ocrx_word' id='word_1_173' title='bbox 30 1715 76 1750; x_wconf 88' lang='lat'>20</span> <span class='ocrx_word' id='word_1_174' title='bbox 104 1706 248 1752; x_wconf 89' lang='lat' dir='ltr'>certo</span> <span class='ocrx_word' id='word_1_175' title='bbox 283 1715 485 1764; x_wconf 88' lang='lat' dir='ltr'>genere</span> <span class='ocrx_word' id='word_1_176' title='bbox 518 1702 778 1764; x_wconf 88' lang='lat' dir='ltr'>quodam,</span> <span class='ocrx_word' id='word_1_177' title='bbox 819 1715 931 1751; x_wconf 93' lang='lat' dir='ltr'>non</span> <span class='ocrx_word' id='word_1_178' title='bbox 966 1701 1234 1764; x_wconf 89' lang='lat' dir='ltr'>quolibet;</span> <span class='ocrx_word' id='word_1_179' title='bbox 1276 1702 1426 1765; x_wconf 92' lang='lat' dir='ltr'>quod</span> <span class='ocrx_word' id='word_1_180' title='bbox 1467 1715 1642 1765; x_wconf 87' lang='lat' dir='ltr'>genus</span> <span class='ocrx_word' id='word_1_181' title='bbox 1677 1716 1805 1754; x_wconf 91' lang='lat' dir='ltr'>con-</span> 
     </span>
     <span class='ocr_line' id='line_1_22' title="bbox 98 1776 1804 1841; baseline 0.001 -15"><span class='ocrx_word' id='word_1_182' title='bbox 98 1777 330 1826; x_wconf 91' lang='lat' dir='ltr'>veniens</span> <span class='ocrx_word' id='word_1_183' title='bbox 375 1781 936 1838; x_wconf 82' lang='lat' dir='ltr'>consentaneumque</span> <span class='ocrx_word' id='word_1_184' title='bbox 963 1776 1209 1828; x_wconf 86' lang='lat' dir='ltr'>dicimuS.</span> <span class='ocrx_word' id='word_1_185' title='bbox 1280 1776 1397 1827; x_wconf 77' lang='lat' dir='ltr'>nec¹</span> <span class='ocrx_word' id='word_1_186' title='bbox 1423 1778 1568 1827; x_wconf 89' lang='lat' dir='ltr'>enim</span> <span class='ocrx_word' id='word_1_187' title='bbox 1610 1776 1804 1841; x_wconf 86' lang='lat' dir='ltr'>guber-</span> 
     </span>
     <span class='ocr_line' id='line_1_23' title="bbox 98 1850 1804 1914; baseline 0.001 -14"><span class='ocrx_word' id='word_1_188' title='bbox 98 1852 307 1902; x_wconf 92' lang='lat' dir='ltr'>nationi</span> <span class='ocrx_word' id='word_1_189' title='bbox 341 1856 435 1900; x_wconf 91' lang='lat' dir='ltr'>aut</span> <span class='ocrx_word' id='word_1_190' title='bbox 466 1851 774 1901; x_wconf 90' lang='lat' dir='ltr'>medicinae</span> <span class='ocrx_word' id='word_1_191' title='bbox 807 1850 1057 1901; x_wconf 87' lang='lat' dir='ltr'>similem¹</span> <span class='ocrx_word' id='word_1_192' title='bbox 1076 1851 1404 1914; x_wconf 88' lang='lat' dir='ltr'>sapientiam</span> <span class='ocrx_word' id='word_1_193' title='bbox 1435 1865 1557 1902; x_wconf 89' lang='lat' dir='ltr'>esse</span> <span class='ocrx_word' id='word_1_194' title='bbox 1584 1851 1804 1902; x_wconf 91' lang='lat' dir='ltr'>arbitra-</span> 
     </span>
     <span class='ocr_line' id='line_1_24' title="bbox 98 1925 1805 1988; baseline 0.001 -13"><span class='ocrx_word' id='word_1_195' title='bbox 98 1940 231 1985; x_wconf 86' lang='lat' dir='ltr'>mur,</span> <span class='ocrx_word' id='word_1_196' title='bbox 265 1925 364 1976; x_wconf 88' lang='lat' dir='ltr'>sed</span> <span class='ocrx_word' id='word_1_197' title='bbox 398 1927 599 1976; x_wconf 92' lang='lat' dir='ltr'>actioni</span> <span class='ocrx_word' id='word_1_198' title='bbox 634 1925 710 1975; x_wconf 94' lang='lat' dir='ltr'>illi</span> <span class='ocrx_word' id='word_1_199' title='bbox 744 1927 943 1988; x_wconf 83' lang='lat' dir='ltr'>potiuS,</span> <span class='ocrx_word' id='word_1_200' title='bbox 985 1940 1150 1988; x_wconf 90' lang='lat' dir='ltr'>quam</span> <span class='ocrx_word' id='word_1_201' title='bbox 1185 1926 1353 1977; x_wconf 92' lang='lat' dir='ltr'>modo</span> <span class='ocrx_word' id='word_1_202' title='bbox 1391 1926 1516 1986; x_wconf 87' lang='lat' dir='ltr'>dixi,</span> <span class='ocrx_word' id='word_1_203' title='bbox 1559 1932 1612 1977; x_wconf 93' lang='lat' dir='ltr'>et</span> <span class='ocrx_word' id='word_1_204' title='bbox 1643 1926 1805 1977; x_wconf 86' lang='lat' dir='ltr'>salta-</span> 
     </span>
     <span class='ocr_line' id='line_1_25' title="bbox 98 2000 1802 2063; baseline 0.001 -14"><span class='ocrx_word' id='word_1_205' title='bbox 98 2001 247 2058; x_wconf 91' lang='lat' dir='ltr'>tioni,</span> <span class='ocrx_word' id='word_1_206' title='bbox 288 2005 347 2050; x_wconf 93' lang='lat' dir='ltr'>ut</span> <span class='ocrx_word' id='word_1_207' title='bbox 391 2001 444 2050; x_wconf 92' lang='lat' dir='ltr'>in</span> <span class='ocrx_word' id='word_1_208' title='bbox 486 2002 607 2062; x_wconf 91' lang='lat' dir='ltr'>ipsa</span> <span class='ocrx_word' id='word_1_209' title='bbox 639 2001 779 2059; x_wconf 91' lang='lat' dir='ltr'>insit,</span> <span class='ocrx_word' id='word_1_210' title='bbox 820 2014 933 2051; x_wconf 92' lang='lat' dir='ltr'>non</span> <span class='ocrx_word' id='word_1_211' title='bbox 976 2000 1104 2051; x_wconf 81' lang='lat' dir='ltr'>foris</span> <span class='ocrx_word' id='word_1_212' title='bbox 1139 2005 1351 2063; x_wconf 89' lang='lat' dir='ltr'>petatur</span> <span class='ocrx_word' id='word_1_213' title='bbox 1388 2006 1706 2061; x_wconf 89' lang='lat' dir='ltr'>extremum,</span> <span class='ocrx_word' id='word_1_214' title='bbox 1746 2002 1802 2052; x_wconf 94' lang='lat' dir='ltr'>id</span> 
     </span>
     <span class='ocr_line' id='line_1_26' title="bbox 0 2067 1803 2139; baseline 0.001 -14"><span class='ocrx_word' id='word_1_215' title='bbox 0 2067 74 2125; x_wconf 57' lang='lat'>¹25</span> <span class='ocrx_word' id='word_1_216' title='bbox 99 2080 181 2125; x_wconf 94' lang='lat' dir='ltr'>est</span> <span class='ocrx_word' id='word_1_217' title='bbox 220 2076 365 2124; x_wconf 51' lang='lat' dir='ltr'>artis¹</span> <span class='ocrx_word' id='word_1_218' title='bbox 389 2075 618 2126; x_wconf 77' lang='lat' dir='ltr'>effectio.</span> <span class='ocrx_word' id='word_1_219' title='bbox 683 2080 735 2125; x_wconf 91' lang='lat' dir='ltr'>et</span> <span class='ocrx_word' id='word_1_220' title='bbox 774 2079 958 2125; x_wconf 92' lang='lat' dir='ltr'>tamen</span> <span class='ocrx_word' id='word_1_221' title='bbox 1000 2081 1082 2126; x_wconf 92' lang='lat' dir='ltr'>est</span> <span class='ocrx_word' id='word_1_222' title='bbox 1123 2077 1287 2126; x_wconf 91' lang='lat' dir='ltr'>etiam</span> <span class='ocrx_word' id='word_1_223' title='bbox 1329 2075 1515 2139; x_wconf 90' lang='lat' dir='ltr'>aliqua</span> <span class='ocrx_word' id='word_1_224' title='bbox 1559 2090 1682 2127; x_wconf 91' lang='lat' dir='ltr'>cum</span> <span class='ocrx_word' id='word_1_225' title='bbox 1717 2076 1803 2126; x_wconf 91' lang='lat' dir='ltr'>his</span> 
     </span>
     <span class='ocr_line' id='line_1_27' title="bbox 98 2149 1802 2214; baseline 0.002 -15"><span class='ocrx_word' id='word_1_226' title='bbox 98 2151 232 2212; x_wconf 94' lang='lat' dir='ltr'>ipsis</span> <span class='ocrx_word' id='word_1_227' title='bbox 273 2149 477 2200; x_wconf 90' lang='lat' dir='ltr'>artibus</span> <span class='ocrx_word' id='word_1_228' title='bbox 522 2151 826 2212; x_wconf 90' lang='lat' dir='ltr'>sapientiae</span> <span class='ocrx_word' id='word_1_229' title='bbox 867 2150 1269 2209; x_wconf 91' lang='lat' dir='ltr'>dissimilitudo,</span> <span class='ocrx_word' id='word_1_230' title='bbox 1319 2155 1607 2213; x_wconf 88' lang='lat' dir='ltr'>propterea</span> <span class='ocrx_word' id='word_1_231' title='bbox 1652 2151 1802 2214; x_wconf 91' lang='lat' dir='ltr'>quod</span> 
     </span>
     <span class='ocr_line' id='line_1_28' title="bbox 98 2224 1804 2287; baseline 0.001 -14"><span class='ocrx_word' id='word_1_232' title='bbox 98 2226 153 2273; x_wconf 94' lang='lat' dir='ltr'>in</span> <span class='ocrx_word' id='word_1_233' title='bbox 187 2224 292 2274; x_wconf 92' lang='lat' dir='ltr'>illis</span> <span class='ocrx_word' id='word_1_234' title='bbox 326 2238 469 2287; x_wconf 90' lang='lat' dir='ltr'>quae</span> <span class='ocrx_word' id='word_1_235' title='bbox 501 2229 644 2274; x_wconf 91' lang='lat' dir='ltr'>recte</span> <span class='ocrx_word' id='word_1_236' title='bbox 678 2224 819 2274; x_wconf 81' lang='lat' dir='ltr'>facta</span> <span class='ocrx_word' id='word_1_237' title='bbox 851 2229 977 2274; x_wconf 91' lang='lat' dir='ltr'>sunt</span> <span class='ocrx_word' id='word_1_238' title='bbox 1009 2239 1122 2276; x_wconf 91' lang='lat' dir='ltr'>non</span> <span class='ocrx_word' id='word_1_239' title='bbox 1153 2226 1435 2276; x_wconf 88' lang='lat' dir='ltr'>continent</span> <span class='ocrx_word' id='word_1_240' title='bbox 1466 2230 1651 2276; x_wconf 90' lang='lat' dir='ltr'>tamen</span> <span class='ocrx_word' id='word_1_241' title='bbox 1688 2239 1804 2277; x_wconf 84' lang='lat' dir='ltr'>om-</span> 
     </span>
     <span class='ocr_line' id='line_1_29' title="bbox 98 2299 1803 2362; baseline 0.002 -14"><span class='ocrx_word' id='word_1_242' title='bbox 98 2313 196 2349; x_wconf 91' lang='lat' dir='ltr'>nes</span> <span class='ocrx_word' id='word_1_243' title='bbox 223 2303 417 2361; x_wconf 85' lang='lat' dir='ltr'>parteS,</span> <span class='ocrx_word' id='word_1_244' title='bbox 445 2313 474 2349; x_wconf 88' lang='lat' dir='ltr'>e</span> <span class='ocrx_word' id='word_1_245' title='bbox 494 2299 692 2361; x_wconf 91' lang='lat' dir='ltr'>quibus</span> <span class='ocrx_word' id='word_1_246' title='bbox 713 2304 985 2358; x_wconf 89' lang='lat' dir='ltr'>constant;</span> <span class='ocrx_word' id='word_1_247' title='bbox 1012 2314 1154 2362; x_wconf 92' lang='lat' dir='ltr'>quae</span> <span class='ocrx_word' id='word_1_248' title='bbox 1174 2305 1357 2350; x_wconf 90' lang='lat' dir='ltr'>autem</span> <span class='ocrx_word' id='word_1_249' title='bbox 1375 2313 1478 2351; x_wconf 92' lang='lat' dir='ltr'>nos</span> <span class='ocrx_word' id='word_1_250' title='bbox 1505 2305 1597 2350; x_wconf 93' lang='lat' dir='ltr'>aut</span> <span class='ocrx_word' id='word_1_251' title='bbox 1622 2305 1803 2353; x_wconf 87' lang='lat' dir='ltr'>recta</span> 
     </span>
     <span class='ocr_line' id='line_1_30' title="bbox 99 2373 1803 2438; baseline 0.002 -16"><span class='ocrx_word' id='word_1_252' title='bbox 99 2378 192 2423; x_wconf 93' lang='lat' dir='ltr'>aut</span> <span class='ocrx_word' id='word_1_253' title='bbox 223 2379 396 2424; x_wconf 93' lang='lat' dir='ltr'>recte</span> <span class='ocrx_word' id='word_1_254' title='bbox 422 2373 598 2423; x_wconf 83' lang='lat' dir='ltr'>facta</span> <span class='ocrx_word' id='word_1_255' title='bbox 623 2373 884 2432; x_wconf 82' lang='lat' dir='ltr'>dicamuS,</span> <span class='ocrx_word' id='word_1_256' title='bbox 918 2375 963 2423; x_wconf 94' lang='lat' dir='ltr'>si</span> <span class='ocrx_word' id='word_1_257' title='bbox 989 2374 1180 2437; x_wconf 88' lang='lat' dir='ltr'>placet,</span> <span class='ocrx_word' id='word_1_258' title='bbox 1207 2374 1281 2424; x_wconf 95' lang='lat' dir='ltr'>illi</span> <span class='ocrx_word' id='word_1_259' title='bbox 1307 2379 1492 2425; x_wconf 86' lang='lat' dir='ltr'>autern</span> <span class='ocrx_word' id='word_1_260' title='bbox 1518 2374 1803 2438; x_wconf 91' lang='lat' dir='ltr'>appellant</span> 
     </span>
     <span class='ocr_line' id='line_1_31' title="bbox 32 2442 1803 2512; baseline 0.002 -16"><span class='ocrx_word' id='word_1_261' title='bbox 32 2462 78 2497; x_wconf 81' lang='grc' dir='ltr'>3ο</span> <span class='ocrx_word' id='word_1_262' title='bbox 101 2442 517 2512; x_wconf 76' lang='grc' dir='ltr'><strong><em>κατορθώματα,</em></strong></span> <span class='ocrx_word' id='word_1_263' title='bbox 560 2462 753 2499; x_wconf 92' lang='lat' dir='ltr'>omnes</span> <span class='ocrx_word' id='word_1_264' title='bbox 787 2460 1046 2499; x_wconf 87' lang='lat' dir='ltr'>numeros</span> <span class='ocrx_word' id='word_1_265' title='bbox 1078 2450 1288 2500; x_wconf 90' lang='lat' dir='ltr'>virtutis</span> <span class='ocrx_word' id='word_1_266' title='bbox 1323 2451 1618 2500; x_wconf 90' lang='lat' dir='ltr'>continent.</span> <span class='ocrx_word' id='word_1_267' title='bbox 1682 2450 1803 2501; x_wconf 94' lang='lat' dir='ltr'>sola</span> 
     </span>
     <span class='ocr_line' id='line_1_32' title="bbox 102 2523 1800 2587; baseline 0.001 -14"><span class='ocrx_word' id='word_1_268' title='bbox 102 2523 246 2573; x_wconf 91' lang='lat' dir='ltr'>enim</span> <span class='ocrx_word' id='word_1_269' title='bbox 281 2523 552 2585; x_wconf 91' lang='lat' dir='ltr'>sapientia</span> <span class='ocrx_word' id='word_1_270' title='bbox 591 2524 645 2572; x_wconf 95' lang='lat' dir='ltr'>in</span> <span class='ocrx_word' id='word_1_271' title='bbox 687 2537 746 2574; x_wconf 91' lang='lat' dir='ltr'>se</span> <span class='ocrx_word' id='word_1_272' title='bbox 788 2528 903 2574; x_wconf 88' lang='lat' dir='ltr'>tota</span> <span class='ocrx_word' id='word_1_273' title='bbox 936 2537 1202 2574; x_wconf 92' lang='lat' dir='ltr'>conversa</span> <span class='ocrx_word' id='word_1_274' title='bbox 1243 2529 1338 2583; x_wconf 90' lang='lat' dir='ltr'>est,</span> <span class='ocrx_word' id='word_1_275' title='bbox 1381 2524 1531 2587; x_wconf 90' lang='lat' dir='ltr'>quod</span> <span class='ocrx_word' id='word_1_276' title='bbox 1565 2524 1712 2575; x_wconf 91' lang='lat' dir='ltr'>idem</span> <span class='ocrx_word' id='word_1_277' title='bbox 1746 2526 1800 2574; x_wconf 94' lang='lat' dir='ltr'>in</span> 
     </span>
     <span class='ocr_line' id='line_1_33' title="bbox 103 2597 1891 2663; baseline 0 -15"><span class='ocrx_word' id='word_1_278' title='bbox 103 2598 293 2648; x_wconf 87' lang='lat' dir='ltr'>ceteris</span> <span class='ocrx_word' id='word_1_279' title='bbox 326 2597 530 2647; x_wconf 90' lang='lat' dir='ltr'>artibus</span> <span class='ocrx_word' id='word_1_280' title='bbox 563 2612 676 2649; x_wconf 93' lang='lat' dir='ltr'>non</span> <span class='ocrx_word' id='word_1_281' title='bbox 709 2598 782 2648; x_wconf 82' lang='lat' dir='ltr'>fit.</span> <span class='ocrx_word' id='word_1_282' title='bbox 837 2597 1031 2649; x_wconf 89' lang='lat' dir='ltr'>Inscite</span> <span class='ocrx_word' id='word_1_283' title='bbox 1065 2604 1250 2649; x_wconf 90' lang='lat' dir='ltr'>autem</span> <span class='ocrx_word' id='word_1_284' title='bbox 1278 2599 1587 2651; x_wconf 91' lang='lat' dir='ltr'>medicinae</span> <span class='ocrx_word' id='word_1_285' title='bbox 1622 2604 1675 2649; x_wconf 91' lang='lat' dir='ltr'>et</span> <span class='ocrx_word' id='word_1_286' title='bbox 1706 2612 1803 2663; x_wconf 87' lang='lat' dir='ltr'>gu-</span> <span class='ocrx_word' id='word_1_287' title='bbox 1836 2606 1891 2648; x_wconf 86' lang='lat'>25</span> 
     </span>
     <span class='ocr_line' id='line_1_34' title="bbox 103 2671 1801 2736; baseline 0.002 -15"><span class='ocrx_word' id='word_1_288' title='bbox 103 2672 438 2722; x_wconf 87' lang='lat' dir='ltr'>bernationis</span> <span class='ocrx_word' id='word_1_289' title='bbox 465 2671 715 2722; x_wconf 89' lang='lat' dir='ltr'>ultimum</span> <span class='ocrx_word' id='word_1_290' title='bbox 743 2686 866 2722; x_wconf 92' lang='lat' dir='ltr'>cum</span> <span class='ocrx_word' id='word_1_291' title='bbox 892 2673 1084 2724; x_wconf 87' lang='lat' dir='ltr'>ultimo</span> <span class='ocrx_word' id='word_1_292' title='bbox 1112 2674 1416 2736; x_wconf 91' lang='lat' dir='ltr'>sapientiae</span> <span class='ocrx_word' id='word_1_293' title='bbox 1443 2678 1801 2736; x_wconf 89' lang='lat' dir='ltr'>comparatur.</span> 
     </span>
    </p>
   </div>
   <div class='ocr_carea' id='block_1_3' title="bbox 102 2803 1802 3037">
    <p class='ocr_par' dir='ltr' id='par_1_3' title="bbox 102 2803 1802 3037">
     <span class='ocr_line' id='line_1_35' title="bbox 179 2803 1802 2858; baseline 0.001 -13"><span class='ocrx_word' id='word_1_294' title='bbox 179 2805 199 2845; x_wconf 91' lang='lat'>1</span> <span class='ocrx_word' id='word_1_295' title='bbox 235 2803 343 2855; x_wconf 81' lang='lat' dir='ltr'>sint]</span> <span class='ocrx_word' id='word_1_296' title='bbox 377 2809 484 2847; x_wconf 91' lang='lat' dir='ltr'>sunt</span> <span class='ocrx_word' id='word_1_297' title='bbox 515 2806 553 2847; x_wconf 81' lang='lat' dir='ltr'>R</span> <span class='ocrx_word' id='word_1_298' title='bbox 639 2837 641 2839; x_wconf 77' lang='lat'><em>-</em></span> <span class='ocrx_word' id='word_1_299' title='bbox 720 2806 746 2846; x_wconf 91' lang='grc'>2</span> <span class='ocrx_word' id='word_1_300' title='bbox 779 2807 838 2848; x_wconf 91' lang='lat' dir='ltr'>sit</span> <span class='ocrx_word' id='word_1_301' title='bbox 867 2806 976 2849; x_wconf 83' lang='lat' dir='ltr'>Ern.</span> <span class='ocrx_word' id='word_1_302' title='bbox 1009 2808 1094 2848; x_wconf 89' lang='lat' dir='ltr'>sed</span> <span class='ocrx_word' id='word_1_303' title='bbox 1133 2803 1247 2856; x_wconf 88' lang='lat' dir='ltr'>(Sed</span> <span class='ocrx_word' id='word_1_304' title='bbox 1279 2805 1437 2858; x_wconf 90' lang='lat' dir='ltr'><strong>RNV)</strong></span> <span class='ocrx_word' id='word_1_305' title='bbox 1605 2807 1632 2848; x_wconf 90' lang='grc'><strong>9</strong></span> <span class='ocrx_word' id='word_1_306' title='bbox 1665 2807 1802 2848; x_wconf 91' lang='lat' dir='ltr'>alicui</span> 
     </span>
     <span class='ocr_line' id='line_1_36' title="bbox 104 2860 1800 2916; baseline 0.002 -11"><span class='ocrx_word' id='word_1_307' title='bbox 104 2864 387 2914; x_wconf 76' lang='lat' dir='ltr'>plurtseum</span> <span class='ocrx_word' id='word_1_308' title='bbox 428 2865 566 2908; x_wconf 79' lang='lat' dir='ltr'>faciat</span> <span class='ocrx_word' id='word_1_309' title='bbox 606 2867 678 2908; x_wconf 89' lang='lat' dir='ltr'>cui</span> <span class='ocrx_word' id='word_1_310' title='bbox 718 2868 1068 2909; x_wconf 88' lang='lat' dir='ltr'>commendatus</span> <span class='ocrx_word' id='word_1_311' title='bbox 1108 2868 1167 2908; x_wconf 89' lang='lat' dir='ltr'>sit</span> <span class='ocrx_word' id='word_1_312' title='bbox 1197 2879 1286 2909; x_wconf 90' lang='lat' dir='ltr'>om.</span> <span class='ocrx_word' id='word_1_313' title='bbox 1320 2860 1477 2908; x_wconf 89' lang='lat' dir='ltr'>BEN¹</span> <span class='ocrx_word' id='word_1_314' title='bbox 1630 2867 1685 2908; x_wconf 90' lang='grc'>10</span> <span class='ocrx_word' id='word_1_315' title='bbox 1717 2863 1800 2916; x_wconf 85' lang='lat' dir='ltr'>sic]</span> 
     </span>
     <span class='ocr_line' id='line_1_37' title="bbox 102 2923 1800 2976; baseline 0.002 -12"><span class='ocrx_word' id='word_1_316' title='bbox 102 2925 160 2964; x_wconf 85' lang='lat' dir='ltr'>sit</span> <span class='ocrx_word' id='word_1_317' title='bbox 183 2923 269 2968; x_wconf 84' lang='lat' dir='ltr'>BR</span> <span class='ocrx_word' id='word_1_318' title='bbox 363 2926 412 2967; x_wconf 90' lang='lat'>11</span> <span class='ocrx_word' id='word_1_319' title='bbox 442 2927 591 2976; x_wconf 87' lang='lat' dir='ltr'>ipsam</span> <span class='ocrx_word' id='word_1_320' title='bbox 618 2930 770 2968; x_wconf 87' lang='lat' dir='ltr'>autem</span> <span class='ocrx_word' id='word_1_321' title='bbox 795 2924 878 2967; x_wconf 85' lang='lat' dir='ltr'>BE</span> <span class='ocrx_word' id='word_1_322' title='bbox 972 2926 1029 2968; x_wconf 85' lang='lat'>24</span> <span class='ocrx_word' id='word_1_323' title='bbox 1061 2923 1126 2976; x_wconf 92' lang='lat' dir='ltr'>ut]</span> <span class='ocrx_word' id='word_1_324' title='bbox 1157 2930 1251 2968; x_wconf 85' lang='lat' dir='ltr'>arte</span> <span class='ocrx_word' id='word_1_325' title='bbox 1276 2927 1317 2968; x_wconf 94' lang='lat' dir='ltr'>N</span> <span class='ocrx_word' id='word_1_326' title='bbox 1349 2930 1444 2968; x_wconf 85' lang='lat' dir='ltr'>arte</span> <span class='ocrx_word' id='word_1_327' title='bbox 1472 2930 1520 2967; x_wconf 87' lang='lat' dir='ltr'>ut</span> <span class='ocrx_word' id='word_1_328' title='bbox 1543 2926 1585 2968; x_wconf 93' lang='lat' dir='ltr'>V</span> <span class='ocrx_word' id='word_1_329' title='bbox 1676 2923 1800 2975; x_wconf 84' lang='lat' dir='ltr'>insit]</span> 
     </span>
     <span class='ocr_line' id='line_1_38' title="bbox 103 2978 1801 3037; baseline 0.002 -13"><span class='ocrx_word' id='word_1_330' title='bbox 103 2986 151 3024; x_wconf 89' lang='lat' dir='ltr'>ut</span> <span class='ocrx_word' id='word_1_331' title='bbox 182 2984 240 3025; x_wconf 86' lang='lat' dir='ltr'>sit</span> <span class='ocrx_word' id='word_1_332' title='bbox 270 2978 334 3025; x_wconf 89' lang='lat' dir='ltr'>N²</span> <span class='ocrx_word' id='word_1_333' title='bbox 366 2989 414 3026; x_wconf 91' lang='lat' dir='ltr'>ut</span> <span class='ocrx_word' id='word_1_334' title='bbox 447 2987 554 3027; x_wconf 89' lang='lat' dir='ltr'>insit</span> <span class='ocrx_word' id='word_1_335' title='bbox 585 2980 650 3027; x_wconf 83' lang='lat' dir='ltr'>N²</span> <span class='ocrx_word' id='word_1_336' title='bbox 749 2986 804 3027; x_wconf 90' lang='lat'>25</span> <span class='ocrx_word' id='word_1_337' title='bbox 839 2988 994 3037; x_wconf 87' lang='lat' dir='ltr'>aliqua</span> <span class='ocrx_word' id='word_1_338' title='bbox 1022 2988 1170 3029; x_wconf 84' lang='lat' dir='ltr'>Brem.</span> <span class='ocrx_word' id='word_1_339' title='bbox 1204 2988 1294 3029; x_wconf 87' lang='lat' dir='ltr'>alia</span> <span class='ocrx_word' id='word_1_340' title='bbox 1327 2984 1416 3037; x_wconf 89' lang='lat' dir='ltr'>(est</span> <span class='ocrx_word' id='word_1_341' title='bbox 1448 2988 1539 3027; x_wconf 89' lang='lat' dir='ltr'>alia</span> <span class='ocrx_word' id='word_1_342' title='bbox 1570 2988 1710 3028; x_wconf 77' lang='lat' dir='ltr'>etiam.</span> <span class='ocrx_word' id='word_1_343' title='bbox 1741 2985 1801 3037; x_wconf 89' lang='lat' dir='ltr'>N)</span> 
     </span>
    </p>
   </div>
   <div class='ocr_carea' id='block_1_4' title="bbox 176 3061 1500 3103">
    <p class='ocr_par' dir='ltr' id='par_1_4' title="bbox 176 3061 1500 3103">
     <span class='ocr_line' id='line_1_39' title="bbox 176 3061 1500 3103; baseline 0.003 -4"><span class='ocrx_word' id='word_1_344' title='bbox 176 3061 261 3099; x_wconf 87' lang='lat' dir='ltr'>Cic.</span> <span class='ocrx_word' id='word_1_345' title='bbox 285 3062 331 3098; x_wconf 83' lang='grc'>43</span> <span class='ocrx_word' id='word_1_346' title='bbox 1477 3063 1500 3103; x_wconf 92' lang='grc'><strong>7</strong></span> 
     </span>
    </p>
   </div>
  </div>
 </body>
</html>
