<?xml version="1.0" encoding="UTF-8"?>
<!DOCTYPE html PUBLIC "-//W3C//DTD XHTML 1.0 Transitional//EN"
    "http://www.w3.org/TR/xhtml1/DTD/xhtml1-transitional.dtd">
<html xmlns="http://www.w3.org/1999/xhtml" xml:lang="en" lang="en">
 <head>
  <title>
</title>
<meta http-equiv="Content-Type" content="text/html;charset=utf-8" />
  <meta name='ocr-system' content='tesseract 3.04.00' />
  <meta name='ocr-capabilities' content='ocr_page ocr_carea ocr_par ocr_line ocrx_word'/>
</head>
<body>
  <div class='ocr_page' id='page_1' title='image "./p1scriptaquaeman13ciceuoft_0207.png"; bbox 0 0 2046 3138; ppageno 0'>
   <div class='ocr_carea' id='block_1_1' title="bbox 64 193 1848 251">
    <p class='ocr_par' dir='ltr' id='par_1_1' title="bbox 64 193 1848 251">
     <span class='ocr_line' id='line_1_1' title="bbox 64 193 1848 251; baseline -0.001 -9"><span class='ocrx_word' id='word_1_1' title='bbox 64 199 93 251; x_wconf 85' lang='lat'>§</span> <span class='ocrx_word' id='word_1_2' title='bbox 119 201 295 242; x_wconf 84' lang='lat'>59-63</span> <span class='ocrx_word' id='word_1_3' title='bbox 451 228 454 231; x_wconf 27' lang='grc' dir='ltr'><strong><em>ι</em></strong></span> <span class='ocrx_word' id='word_1_4' title='bbox 572 196 658 241; x_wconf 88' lang='lat' dir='ltr'>DE</span> <span class='ocrx_word' id='word_1_5' title='bbox 692 194 945 241; x_wconf 89' lang='lat' dir='ltr'>FINIBUS</span> <span class='ocrx_word' id='word_1_6' title='bbox 980 193 1128 241; x_wconf 91' lang='lat' dir='ltr'>BON.</span> <span class='ocrx_word' id='word_1_7' title='bbox 1163 194 1240 239; x_wconf 91' lang='lat' dir='ltr'>ET</span> <span class='ocrx_word' id='word_1_8' title='bbox 1275 193 1426 239; x_wconf 82' lang='lat' dir='ltr'><strong>MAL.</strong></span> <span class='ocrx_word' id='word_1_9' title='bbox 1749 200 1848 250; x_wconf 86' lang='lat'>187</span> 
     </span>
    </p>
   </div>
   <div class='ocr_carea' id='block_1_2' title="bbox 86 332 1851 2416">
    <p class='ocr_par' dir='ltr' id='par_1_2' title="bbox 86 332 1851 2416">
     <span class='ocr_line' id='line_1_2' title="bbox 159 332 1851 391; baseline -0.002 -6"><span class='ocrx_word' id='word_1_10' title='bbox 159 334 392 385; x_wconf 87' lang='lat' dir='ltr'>taminal</span> <span class='ocrx_word' id='word_1_11' title='bbox 436 338 498 384; x_wconf 92' lang='lat' dir='ltr'>ut</span> <span class='ocrx_word' id='word_1_12' title='bbox 543 332 623 382; x_wconf 92' lang='lat' dir='ltr'>illi</span> <span class='ocrx_word' id='word_1_13' title='bbox 670 332 984 384; x_wconf 83' lang='lat' dir='ltr'>efferuntur</span> <span class='ocrx_word' id='word_1_14' title='bbox 1030 332 1254 391; x_wconf 91' lang='lat' dir='ltr'>laetitia,</span> <span class='ocrx_word' id='word_1_15' title='bbox 1304 346 1427 383; x_wconf 87' lang='lat' dir='ltr'>curn</span> <span class='ocrx_word' id='word_1_16' title='bbox 1474 332 1749 383; x_wconf 77' lang='lat' dir='ltr'>vicerunt!</span> <span class='ocrx_word' id='word_1_17' title='bbox 1791 336 1851 382; x_wconf 90' lang='lat' dir='ltr'>ut</span> 
     </span>
     <span class='ocr_line' id='line_1_3' title="bbox 159 407 1844 470; baseline -0.002 -11"><span class='ocrx_word' id='word_1_18' title='bbox 159 408 330 470; x_wconf 91' lang='lat' dir='ltr'>pudet</span> <span class='ocrx_word' id='word_1_19' title='bbox 373 409 576 459; x_wconf 84' lang='lat' dir='ltr'>victos!</span> <span class='ocrx_word' id='word_1_20' title='bbox 622 413 682 459; x_wconf 92' lang='lat' dir='ltr'>ut</span> <span class='ocrx_word' id='word_1_21' title='bbox 728 422 787 459; x_wconf 90' lang='lat' dir='ltr'>se</span> <span class='ocrx_word' id='word_1_22' title='bbox 831 409 1078 459; x_wconf 90' lang='lat' dir='ltr'>accusari</span> <span class='ocrx_word' id='word_1_23' title='bbox 1125 407 1346 460; x_wconf 79' lang='lat' dir='ltr'>nolunt!</span> <span class='ocrx_word' id='word_1_24' title='bbox 1405 421 1570 470; x_wconf 91' lang='lat' dir='ltr'>quam</span> <span class='ocrx_word' id='word_1_25' title='bbox 1614 407 1844 469; x_wconf 90' lang='lat' dir='ltr'>cupiunt</span> 
     </span>
     <span class='ocr_line' id='line_1_4' title="bbox 154 481 1849 546; baseline -0.002 -13"><span class='ocrx_word' id='word_1_26' title='bbox 154 482 396 533; x_wconf 83' lang='lat' dir='ltr'>laudari!</span> <span class='ocrx_word' id='word_1_27' title='bbox 429 496 570 546; x_wconf 90' lang='lat' dir='ltr'>quos</span> <span class='ocrx_word' id='word_1_28' title='bbox 600 482 678 532; x_wconf 90' lang='lat' dir='ltr'>illi</span> <span class='ocrx_word' id='word_1_29' title='bbox 711 482 932 534; x_wconf 91' lang='lat' dir='ltr'>labores</span> <span class='ocrx_word' id='word_1_30' title='bbox 963 497 1074 534; x_wconf 93' lang='lat' dir='ltr'>non</span> <span class='ocrx_word' id='word_1_31' title='bbox 1105 482 1406 545; x_wconf 78' lang='lat' dir='ltr'>perferunt,</span> <span class='ocrx_word' id='word_1_32' title='bbox 1438 487 1499 533; x_wconf 88' lang='lat' dir='ltr'>ut</span> <span class='ocrx_word' id='word_1_33' title='bbox 1532 481 1849 544; x_wconf 83' lang='lat' dir='ltr'>aequalium</span> 
     </span>
     <span class='ocr_line' id='line_1_5' title="bbox 154 556 1848 620; baseline 0 -14"><span class='ocrx_word' id='word_1_34' title='bbox 154 557 430 620; x_wconf 84' lang='lat' dir='ltr'><strong>principes</strong></span> <span class='ocrx_word' id='word_1_35' title='bbox 468 557 601 608; x_wconf 83' lang='lat' dir='ltr'>sint!</span> <span class='ocrx_word' id='word_1_36' title='bbox 650 571 792 619; x_wconf 91' lang='lat' dir='ltr'>quae</span> <span class='ocrx_word' id='word_1_37' title='bbox 830 557 1098 607; x_wconf 91' lang='lat' dir='ltr'>memoria</span> <span class='ocrx_word' id='word_1_38' title='bbox 1136 561 1221 608; x_wconf 91' lang='lat' dir='ltr'>est</span> <span class='ocrx_word' id='word_1_39' title='bbox 1256 557 1310 606; x_wconf 92' lang='lat' dir='ltr'>in</span> <span class='ocrx_word' id='word_1_40' title='bbox 1348 557 1415 606; x_wconf 90' lang='lat' dir='ltr'>iis</span> <span class='ocrx_word' id='word_1_41' title='bbox 1456 556 1596 607; x_wconf 92' lang='lat' dir='ltr'>bene</span> <span class='ocrx_word' id='word_1_42' title='bbox 1637 569 1848 606; x_wconf 89' lang='lat' dir='ltr'>meren-</span> 
     </span>
     <span class='ocr_line' id='line_1_6' title="bbox 109 630 1847 694; baseline -0.003 -8"><span class='ocrx_word' id='word_1_43' title='bbox 109 653 131 686; x_wconf 90' lang='lat'><strong>5</strong></span> <span class='ocrx_word' id='word_1_44' title='bbox 154 632 304 689; x_wconf 87' lang='lat' dir='ltr'>tium,</span> <span class='ocrx_word' id='word_1_45' title='bbox 343 645 485 694; x_wconf 92' lang='lat' dir='ltr'>quae</span> <span class='ocrx_word' id='word_1_46' title='bbox 521 630 847 682; x_wconf 80' lang='lat' dir='ltr'>referendae</span> <span class='ocrx_word' id='word_1_47' title='bbox 885 632 1097 694; x_wconf 88' lang='lat' dir='ltr'>gratiae</span> <span class='ocrx_word' id='word_1_48' title='bbox 1137 631 1439 693; x_wconf 77' lang='lat' dir='ltr'>cupiditas!</span> <span class='ocrx_word' id='word_1_49' title='bbox 1485 636 1651 693; x_wconf 89' lang='lat' dir='ltr'>atque</span> <span class='ocrx_word' id='word_1_50' title='bbox 1687 643 1755 681; x_wconf 88' lang='lat' dir='ltr'>ea</span> <span class='ocrx_word' id='word_1_51' title='bbox 1793 630 1847 680; x_wconf 91' lang='lat' dir='ltr'>in</span> 
     </span>
     <span class='ocr_line' id='line_1_7' title="bbox 154 703 1850 769; baseline -0.001 -13"><span class='ocrx_word' id='word_1_52' title='bbox 154 706 366 768; x_wconf 90' lang='lat' dir='ltr'>optima</span> <span class='ocrx_word' id='word_1_53' title='bbox 401 718 621 769; x_wconf 91' lang='lat' dir='ltr'>quaque</span> <span class='ocrx_word' id='word_1_54' title='bbox 656 705 845 756; x_wconf 91' lang='lat' dir='ltr'>indole</span> <span class='ocrx_word' id='word_1_55' title='bbox 879 707 1118 756; x_wconf 84' lang='lat' dir='ltr'>maxime</span> <span class='ocrx_word' id='word_1_56' title='bbox 1153 710 1440 768; x_wconf 73' lang='lat' dir='ltr'>apparent,</span> <span class='ocrx_word' id='word_1_57' title='bbox 1477 705 1532 756; x_wconf 92' lang='lat' dir='ltr'>in</span> <span class='ocrx_word' id='word_1_58' title='bbox 1569 719 1678 768; x_wconf 93' lang='lat' dir='ltr'>qua</span> <span class='ocrx_word' id='word_1_59' title='bbox 1711 703 1850 755; x_wconf 89' lang='lat' dir='ltr'>haec</span> 
     </span>
     <span class='ocr_line' id='line_1_8' title="bbox 153 778 1849 843; baseline -0.001 -13"><span class='ocrx_word' id='word_1_60' title='bbox 153 779 402 838; x_wconf 90' lang='lat' dir='ltr'>honesta,</span> <span class='ocrx_word' id='word_1_61' title='bbox 437 793 580 843; x_wconf 92' lang='lat' dir='ltr'>quae</span> <span class='ocrx_word' id='word_1_62' title='bbox 614 779 1004 843; x_wconf 87' lang='lat' dir='ltr'>intellegimus,</span> <span class='ocrx_word' id='word_1_63' title='bbox 1038 794 1072 830; x_wconf 94' lang='lat' dir='ltr'>a</span> <span class='ocrx_word' id='word_1_64' title='bbox 1103 786 1302 831; x_wconf 91' lang='lat' dir='ltr'>natura</span> <span class='ocrx_word' id='word_1_65' title='bbox 1336 785 1620 843; x_wconf 88' lang='lat' dir='ltr'>tamquam</span> <span class='ocrx_word' id='word_1_66' title='bbox 1654 778 1849 830; x_wconf 84' lang='lat' dir='ltr'>adum-</span> 
     </span>
     <span class='ocr_line' id='line_1_9' title="bbox 153 853 1847 917; baseline -0.002 -11"><span class='ocrx_word' id='word_1_67' title='bbox 153 854 397 907; x_wconf 87' lang='lat' dir='ltr'>brantur.</span> <span class='ocrx_word' id='word_1_68' title='bbox 452 853 563 906; x_wconf 92' lang='lat' dir='ltr'>Sed</span> <span class='ocrx_word' id='word_1_69' title='bbox 608 853 747 905; x_wconf 92' lang='lat' dir='ltr'>haec</span> <span class='ocrx_word' id='word_1_70' title='bbox 789 855 844 904; x_wconf 93' lang='lat' dir='ltr'>in</span> <span class='ocrx_word' id='word_1_71' title='bbox 903 855 1116 917; x_wconf 86' lang='lat' dir='ltr'>pueris;</span> <span class='ocrx_word' id='word_1_72' title='bbox 1177 868 1442 917; x_wconf 87' lang='lat' dir='ltr'>expressa</span> <span class='ocrx_word' id='word_1_73' title='bbox 1500 867 1633 905; x_wconf 91' lang='lat' dir='ltr'>vero</span> <span class='ocrx_word' id='word_1_74' title='bbox 1679 854 1735 904; x_wconf 94' lang='lat' dir='ltr'>in</span> <span class='ocrx_word' id='word_1_75' title='bbox 1779 853 1847 903; x_wconf 90' lang='lat' dir='ltr'>iis</span> 
     </span>
     <span class='ocr_line' id='line_1_10' title="bbox 154 928 1846 993; baseline -0.001 -13"><span class='ocrx_word' id='word_1_76' title='bbox 154 929 446 989; x_wconf 78' lang='lat' dir='ltr'>aetatibuS,</span> <span class='ocrx_word' id='word_1_77' title='bbox 490 942 633 993; x_wconf 93' lang='lat' dir='ltr'>quae</span> <span class='ocrx_word' id='word_1_78' title='bbox 676 929 787 979; x_wconf 91' lang='lat' dir='ltr'>iam</span> <span class='ocrx_word' id='word_1_79' title='bbox 831 928 1195 981; x_wconf 86' lang='lat' dir='ltr'>confirmatae</span> <span class='ocrx_word' id='word_1_80' title='bbox 1239 934 1382 980; x_wconf 90' lang='lat' dir='ltr'>sunt.</span> <span class='ocrx_word' id='word_1_81' title='bbox 1439 928 1563 992; x_wconf 89' lang='lat' dir='ltr'>quis</span> <span class='ocrx_word' id='word_1_82' title='bbox 1605 933 1690 979; x_wconf 88' lang='lat' dir='ltr'>est</span> <span class='ocrx_word' id='word_1_83' title='bbox 1733 933 1846 979; x_wconf 92' lang='lat' dir='ltr'>tam</span> 
     </span>
     <span class='ocr_line' id='line_1_11' title="bbox 88 1002 1847 1067; baseline -0.001 -13"><span class='ocrx_word' id='word_1_84' title='bbox 88 1025 131 1060; x_wconf 82' lang='lat'>10</span> <span class='ocrx_word' id='word_1_85' title='bbox 156 1003 443 1055; x_wconf 88' lang='lat' dir='ltr'>dissimilis</span> <span class='ocrx_word' id='word_1_86' title='bbox 501 1003 727 1063; x_wconf 91' lang='lat' dir='ltr'>homini,</span> <span class='ocrx_word' id='word_1_87' title='bbox 789 1004 882 1067; x_wconf 93' lang='lat' dir='ltr'>qui</span> <span class='ocrx_word' id='word_1_88' title='bbox 924 1017 1037 1054; x_wconf 92' lang='lat' dir='ltr'>non</span> <span class='ocrx_word' id='word_1_89' title='bbox 1079 1009 1372 1055; x_wconf 91' lang='lat' dir='ltr'>moveatur</span> <span class='ocrx_word' id='word_1_90' title='bbox 1416 1008 1470 1055; x_wconf 93' lang='lat' dir='ltr'>et</span> <span class='ocrx_word' id='word_1_91' title='bbox 1528 1002 1847 1054; x_wconf 81' lang='lat' dir='ltr'>offensione</span> 
     </span>
     <span class='ocr_line' id='line_1_12' title="bbox 154 1077 1847 1141; baseline -0.001 -12"><span class='ocrx_word' id='word_1_92' title='bbox 154 1077 515 1141; x_wconf 87' lang='lat' dir='ltr'>turpitudinis</span> <span class='ocrx_word' id='word_1_93' title='bbox 558 1083 613 1130; x_wconf 91' lang='lat' dir='ltr'>et</span> <span class='ocrx_word' id='word_1_94' title='bbox 656 1078 1112 1141; x_wconf 90' lang='lat' dir='ltr'>comprobatione</span> <span class='ocrx_word' id='word_1_95' title='bbox 1154 1078 1502 1129; x_wconf 77' lang='lat' dir='ltr'>honestatis?</span> <span class='ocrx_word' id='word_1_96' title='bbox 1570 1077 1693 1141; x_wconf 91' lang='lat' dir='ltr'>quis</span> <span class='ocrx_word' id='word_1_97' title='bbox 1748 1081 1847 1134; x_wconf 90' lang='lat' dir='ltr'>est,</span> 
     </span>
     <span class='ocr_line' id='line_1_13' title="bbox 153 1151 1848 1216; baseline 0 -14"><span class='ocrx_word' id='word_1_98' title='bbox 153 1153 246 1216; x_wconf 92' lang='lat' dir='ltr'>qui</span> <span class='ocrx_word' id='word_1_99' title='bbox 274 1166 386 1204; x_wconf 91' lang='lat' dir='ltr'>non</span> <span class='ocrx_word' id='word_1_100' title='bbox 417 1152 598 1204; x_wconf 90' lang='lat' dir='ltr'>oderit</span> <span class='ocrx_word' id='word_1_101' title='bbox 624 1152 999 1211; x_wconf 88' lang='lat' dir='ltr'>libidinosam,</span> <span class='ocrx_word' id='word_1_102' title='bbox 1027 1158 1343 1215; x_wconf 90' lang='lat' dir='ltr'>protervam</span> <span class='ocrx_word' id='word_1_103' title='bbox 1374 1151 1848 1203; x_wconf 74' lang='lat' dir='ltr'>adolescentiam?</span> 
     </span>
     <span class='ocr_line' id='line_1_14' title="bbox 154 1226 1848 1290; baseline -0.001 -12"><span class='ocrx_word' id='word_1_104' title='bbox 154 1227 277 1290; x_wconf 90' lang='lat' dir='ltr'>quis</span> <span class='ocrx_word' id='word_1_105' title='bbox 304 1232 495 1278; x_wconf 91' lang='lat' dir='ltr'>contra</span> <span class='ocrx_word' id='word_1_106' title='bbox 521 1227 577 1278; x_wconf 94' lang='lat' dir='ltr'>in</span> <span class='ocrx_word' id='word_1_107' title='bbox 603 1226 700 1278; x_wconf 94' lang='lat' dir='ltr'>illa</span> <span class='ocrx_word' id='word_1_108' title='bbox 723 1232 906 1279; x_wconf 89' lang='lat' dir='ltr'>aetate</span> <span class='ocrx_word' id='word_1_109' title='bbox 933 1227 1221 1290; x_wconf 88' lang='lat' dir='ltr'>pudorem,</span> <span class='ocrx_word' id='word_1_110' title='bbox 1247 1227 1631 1286; x_wconf 91' lang='lat' dir='ltr'>constantiam,</span> <span class='ocrx_word' id='word_1_111' title='bbox 1657 1226 1848 1277; x_wconf 90' lang='lat' dir='ltr'>etiam-</span> 
     </span>
     <span class='ocr_line' id='line_1_15' title="bbox 154 1299 1846 1365; baseline -0.002 -12"><span class='ocrx_word' id='word_1_112' title='bbox 154 1302 201 1353; x_wconf 91' lang='lat' dir='ltr'>si</span> <span class='ocrx_word' id='word_1_113' title='bbox 237 1315 340 1354; x_wconf 91' lang='lat' dir='ltr'>sua</span> <span class='ocrx_word' id='word_1_114' title='bbox 375 1301 512 1353; x_wconf 92' lang='lat' dir='ltr'>nihil</span> <span class='ocrx_word' id='word_1_115' title='bbox 547 1302 778 1360; x_wconf 88' lang='lat' dir='ltr'>intersit,</span> <span class='ocrx_word' id='word_1_116' title='bbox 811 1315 924 1353; x_wconf 94' lang='lat' dir='ltr'>non</span> <span class='ocrx_word' id='word_1_117' title='bbox 962 1307 1147 1353; x_wconf 89' lang='lat' dir='ltr'>tamen</span> <span class='ocrx_word' id='word_1_118' title='bbox 1185 1301 1420 1365; x_wconf 78' lang='lat' dir='ltr'>diligat?</span> <span class='ocrx_word' id='word_1_119' title='bbox 1467 1301 1590 1365; x_wconf 91' lang='lat' dir='ltr'>quis</span> <span class='ocrx_word' id='word_1_120' title='bbox 1628 1299 1846 1351; x_wconf 93' lang='lat' dir='ltr'>Pullum</span> 
     </span>
     <span class='ocr_line' id='line_1_16' title="bbox 89 1374 1848 1440; baseline -0.001 -14"><span class='ocrx_word' id='word_1_121' title='bbox 89 1400 131 1434; x_wconf 84' lang='lat'>15</span> <span class='ocrx_word' id='word_1_122' title='bbox 154 1375 527 1427; x_wconf 91' lang='lat' dir='ltr'>Numitorium</span> <span class='ocrx_word' id='word_1_123' title='bbox 564 1376 968 1440; x_wconf 87' lang='lat' dir='ltr'>Fregellanum,</span> <span class='ocrx_word' id='word_1_124' title='bbox 1005 1376 1362 1439; x_wconf 90' lang='lat' dir='ltr'>proditorem,</span> <span class='ocrx_word' id='word_1_125' title='bbox 1399 1389 1735 1439; x_wconf 91' lang='lat' dir='ltr'>quamquam</span> <span class='ocrx_word' id='word_1_126' title='bbox 1771 1374 1848 1426; x_wconf 90' lang='lat' dir='ltr'>rei</span> 
     </span>
     <span class='ocr_line' id='line_1_17' title="bbox 154 1445 1848 1517; baseline -0.001 -16"><span class='ocrx_word' id='word_1_127' title='bbox 154 1450 409 1514; x_wconf 89' lang='lat' dir='ltr'>publicae</span> <span class='ocrx_word' id='word_1_128' title='bbox 439 1457 665 1503; x_wconf 89' lang='lat' dir='ltr'>nostrae</span> <span class='ocrx_word' id='word_1_129' title='bbox 698 1451 924 1515; x_wconf 79' lang='lat' dir='ltr'>profuit,</span> <span class='ocrx_word' id='word_1_130' title='bbox 956 1466 1069 1502; x_wconf 94' lang='lat' dir='ltr'>non</span> <span class='ocrx_word' id='word_1_131' title='bbox 1100 1451 1258 1502; x_wconf 76' lang='lat' dir='ltr'>odit?</span> <span class='ocrx_word' id='word_1_132' title='bbox 1302 1450 1425 1514; x_wconf 91' lang='lat' dir='ltr'>quis</span> <span class='ocrx_word' id='word_1_133' title='bbox 1459 1445 1664 1517; x_wconf 76' lang='lat' dir='ltr'>(suae)</span> <span class='ocrx_word' id='word_1_134' title='bbox 1695 1449 1848 1500; x_wconf 90' lang='lat' dir='ltr'>urbis</span> 
     </span>
     <span class='ocr_line' id='line_1_18' title="bbox 154 1524 1849 1589; baseline -0.001 -13"><span class='ocrx_word' id='word_1_135' title='bbox 154 1531 601 1578; x_wconf 88' lang='lat' dir='ltr'>conservatorem</span> <span class='ocrx_word' id='word_1_136' title='bbox 628 1525 895 1584; x_wconf 87' lang='lat' dir='ltr'>Codrum,</span> <span class='ocrx_word' id='word_1_137' title='bbox 930 1526 1054 1589; x_wconf 90' lang='lat' dir='ltr'>quis</span> <span class='ocrx_word' id='word_1_138' title='bbox 1088 1524 1373 1579; x_wconf 90' lang='lat' dir='ltr'>Erechthei</span> <span class='ocrx_word' id='word_1_139' title='bbox 1406 1524 1555 1579; x_wconf 80' lang='lat' dir='ltr'>filias</span> <span class='ocrx_word' id='word_1_140' title='bbox 1589 1538 1702 1576; x_wconf 93' lang='lat' dir='ltr'>non</span> <span class='ocrx_word' id='word_1_141' title='bbox 1733 1538 1849 1575; x_wconf 87' lang='lat' dir='ltr'>ma-</span> 
     </span>
     <span class='ocr_line' id='line_1_19' title="bbox 152 1599 1848 1662; baseline -0.002 -10"><span class='ocrx_word' id='word_1_142' title='bbox 152 1600 299 1653; x_wconf 81' lang='lat' dir='ltr'>xime</span> <span class='ocrx_word' id='word_1_143' title='bbox 338 1599 571 1654; x_wconf 77' lang='lat' dir='ltr'>laudat?</span> <span class='ocrx_word' id='word_1_144' title='bbox 621 1601 707 1652; x_wconf 94' lang='lat' dir='ltr'>cui</span> <span class='ocrx_word' id='word_1_145' title='bbox 746 1599 948 1652; x_wconf 89' lang='lat' dir='ltr'>Tubuli</span> <span class='ocrx_word' id='word_1_146' title='bbox 985 1614 1188 1651; x_wconf 93' lang='lat' dir='ltr'>nomen</span> <span class='ocrx_word' id='word_1_147' title='bbox 1229 1599 1361 1651; x_wconf 91' lang='lat' dir='ltr'>odio</span> <span class='ocrx_word' id='word_1_148' title='bbox 1400 1613 1512 1650; x_wconf 93' lang='lat' dir='ltr'>non</span> <span class='ocrx_word' id='word_1_149' title='bbox 1551 1599 1674 1651; x_wconf 77' lang='lat' dir='ltr'>est?</span> <span class='ocrx_word' id='word_1_150' title='bbox 1725 1599 1848 1662; x_wconf 90' lang='lat' dir='ltr'>quis</span> 
     </span>
     <span class='ocr_line' id='line_1_20' title="bbox 153 1673 1847 1738; baseline -0.002 -12"><span class='ocrx_word' id='word_1_151' title='bbox 153 1674 455 1726; x_wconf 87' lang='lat' dir='ltr'>Aristidem</span> <span class='ocrx_word' id='word_1_152' title='bbox 515 1689 627 1727; x_wconf 91' lang='lat' dir='ltr'>non</span> <span class='ocrx_word' id='word_1_153' title='bbox 689 1680 969 1727; x_wconf 91' lang='lat' dir='ltr'>mortuum</span> <span class='ocrx_word' id='word_1_154' title='bbox 1031 1674 1251 1738; x_wconf 77' lang='lat' dir='ltr'>diligit?</span> <span class='ocrx_word' id='word_1_155' title='bbox 1319 1688 1391 1730; x_wconf 84' lang='lat' dir='ltr'>an</span> <span class='ocrx_word' id='word_1_156' title='bbox 1452 1673 1847 1735; x_wconf 84' lang='lat' dir='ltr'>obliviscimur,</span> 
     </span>
     <span class='ocr_line' id='line_1_21' title="bbox 86 1749 1848 1813; baseline -0.001 -13"><span class='ocrx_word' id='word_1_157' title='bbox 86 1774 131 1809; x_wconf 83' lang='lat'>20</span> <span class='ocrx_word' id='word_1_158' title='bbox 155 1755 497 1813; x_wconf 87' lang='lat' dir='ltr'>quantopere</span> <span class='ocrx_word' id='word_1_159' title='bbox 520 1750 575 1801; x_wconf 87' lang='lat' dir='ltr'>in</span> <span class='ocrx_word' id='word_1_160' title='bbox 600 1749 883 1801; x_wconf 90' lang='lat' dir='ltr'>audiendo</span> <span class='ocrx_word' id='word_1_161' title='bbox 907 1750 962 1800; x_wconf 90' lang='lat' dir='ltr'>in</span> <span class='ocrx_word' id='word_1_162' title='bbox 985 1749 1335 1813; x_wconf 86' lang='lat' dir='ltr'>legendoque</span> <span class='ocrx_word' id='word_1_163' title='bbox 1360 1762 1700 1807; x_wconf 87' lang='lat' dir='ltr'>moveamur,</span> <span class='ocrx_word' id='word_1_164' title='bbox 1725 1761 1848 1799; x_wconf 90' lang='lat' dir='ltr'>cum</span> 
     </span>
     <span class='ocr_line' id='line_1_22' title="bbox 154 1827 1846 1893; baseline 0 -13"><span class='ocrx_word' id='word_1_165' title='bbox 154 1830 259 1893; x_wconf 93' lang='lat' dir='ltr'>pie,</span> <span class='ocrx_word' id='word_1_166' title='bbox 305 1843 429 1880; x_wconf 92' lang='lat' dir='ltr'>cum</span> <span class='ocrx_word' id='word_1_167' title='bbox 475 1830 666 1889; x_wconf 89' lang='lat' dir='ltr'>amice,</span> <span class='ocrx_word' id='word_1_168' title='bbox 727 1843 849 1881; x_wconf 93' lang='lat' dir='ltr'>cum</span> <span class='ocrx_word' id='word_1_169' title='bbox 895 1843 1102 1893; x_wconf 86' lang='lat' dir='ltr'>magno</span> <span class='ocrx_word' id='word_1_170' title='bbox 1148 1830 1334 1880; x_wconf 90' lang='lat' dir='ltr'>animo</span> <span class='ocrx_word' id='word_1_171' title='bbox 1379 1827 1591 1892; x_wconf 91' lang='lat' dir='ltr'>aliquid</span> <span class='ocrx_word' id='word_1_172' title='bbox 1637 1827 1846 1880; x_wconf 81' lang='lat' dir='ltr'>factum</span> 
     </span>
     <span class='ocr_line' id='line_1_23' title="bbox 154 1901 1847 1967; baseline -0.001 -11"><span class='ocrx_word' id='word_1_173' title='bbox 154 1905 584 1967; x_wconf 74' lang='lat' dir='ltr'>cognoscimus?</span> <span class='ocrx_word' id='word_1_174' title='bbox 633 1903 780 1961; x_wconf 86' lang='lat' dir='ltr'>Quid</span> <span class='ocrx_word' id='word_1_175' title='bbox 819 1904 1020 1967; x_wconf 91' lang='lat' dir='ltr'>loquor</span> <span class='ocrx_word' id='word_1_176' title='bbox 1057 1903 1127 1955; x_wconf 90' lang='lat' dir='ltr'>de</span> <span class='ocrx_word' id='word_1_177' title='bbox 1162 1903 1341 1962; x_wconf 58' lang='lat' dir='ltr'>nobis</span> <span class='ocrx_word' id='word_1_178' title='bbox 1381 1903 1475 1967; x_wconf 91' lang='lat' dir='ltr'>qui</span> <span class='ocrx_word' id='word_1_179' title='bbox 1512 1902 1585 1954; x_wconf 89' lang='lat' dir='ltr'>ad</span> <span class='ocrx_word' id='word_1_180' title='bbox 1623 1901 1847 1954; x_wconf 87' lang='lat' dir='ltr'>laudem</span> 
     </span>
     <span class='ocr_line' id='line_1_24' title="bbox 154 1976 1848 2042; baseline -0.001 -12"><span class='ocrx_word' id='word_1_181' title='bbox 154 1984 209 2030; x_wconf 88' lang='lat' dir='ltr'>et</span> <span class='ocrx_word' id='word_1_182' title='bbox 247 1979 319 2029; x_wconf 92' lang='lat' dir='ltr'>ad</span> <span class='ocrx_word' id='word_1_183' title='bbox 363 1978 533 2031; x_wconf 89' lang='lat' dir='ltr'>decus</span> <span class='ocrx_word' id='word_1_184' title='bbox 571 1979 702 2038; x_wconf 93' lang='lat' dir='ltr'>nati,</span> <span class='ocrx_word' id='word_1_185' title='bbox 743 1979 1002 2042; x_wconf 89' lang='lat' dir='ltr'>suscepti,</span> <span class='ocrx_word' id='word_1_186' title='bbox 1044 1979 1280 2030; x_wconf 90' lang='lat' dir='ltr'>instituti</span> <span class='ocrx_word' id='word_1_187' title='bbox 1322 1979 1554 2029; x_wconf 79' lang='lat' dir='ltr'>sumus?</span> <span class='ocrx_word' id='word_1_188' title='bbox 1605 1977 1698 2041; x_wconf 87' lang='lat' dir='ltr'>qui</span> <span class='ocrx_word' id='word_1_189' title='bbox 1740 1976 1848 2029; x_wconf 88' lang='lat' dir='ltr'>cla-</span> 
     </span>
     <span class='ocr_line' id='line_1_25' title="bbox 155 2052 1844 2117; baseline -0.001 -13"><span class='ocrx_word' id='word_1_190' title='bbox 155 2067 337 2104; x_wconf 88' lang='lat' dir='ltr'>mores</span> <span class='ocrx_word' id='word_1_191' title='bbox 369 2053 523 2116; x_wconf 87' lang='lat' dir='ltr'>vulgi</span> <span class='ocrx_word' id='word_1_192' title='bbox 556 2059 722 2117; x_wconf 90' lang='lat' dir='ltr'>atque</span> <span class='ocrx_word' id='word_1_193' title='bbox 755 2054 1136 2116; x_wconf 89' lang='lat' dir='ltr'>imperitorum</span> <span class='ocrx_word' id='word_1_194' title='bbox 1170 2053 1479 2103; x_wconf 88' lang='lat' dir='ltr'>excitantur</span> <span class='ocrx_word' id='word_1_195' title='bbox 1512 2053 1566 2103; x_wconf 91' lang='lat' dir='ltr'>in</span> <span class='ocrx_word' id='word_1_196' title='bbox 1599 2052 1844 2110; x_wconf 89' lang='lat' dir='ltr'>theatris,</span> 
     </span>
     <span class='ocr_line' id='line_1_26' title="bbox 86 2124 1845 2191; baseline -0.003 -9"><span class='ocrx_word' id='word_1_197' title='bbox 86 2147 131 2182; x_wconf 86' lang='lat'>25</span> <span class='ocrx_word' id='word_1_198' title='bbox 156 2142 278 2178; x_wconf 94' lang='lat' dir='ltr'>cum</span> <span class='ocrx_word' id='word_1_199' title='bbox 307 2127 402 2178; x_wconf 90' lang='lat' dir='ltr'>illa</span> <span class='ocrx_word' id='word_1_200' title='bbox 429 2128 710 2179; x_wconf 89' lang='lat' dir='ltr'>dicuntur:</span> <span class='ocrx_word' id='word_1_201' title='bbox 750 2125 883 2191; x_wconf 74' lang='lat' dir='ltr'>‘Ego</span> <span class='ocrx_word' id='word_1_202' title='bbox 912 2143 1034 2179; x_wconf 91' lang='lat' dir='ltr'>sum</span> <span class='ocrx_word' id='word_1_203' title='bbox 1063 2124 1324 2185; x_wconf 89' lang='lat' dir='ltr'>Orestes’,</span> <span class='ocrx_word' id='word_1_204' title='bbox 1352 2133 1652 2190; x_wconf 90' lang='lat' dir='ltr'>contraque</span> <span class='ocrx_word' id='word_1_205' title='bbox 1674 2127 1745 2179; x_wconf 88' lang='lat' dir='ltr'>ab</span> <span class='ocrx_word' id='word_1_206' title='bbox 1767 2126 1845 2178; x_wconf 86' lang='lat' dir='ltr'>al-</span> 
     </span>
     <span class='ocr_line' id='line_1_27' title="bbox 157 2199 1844 2266; baseline 0 -13"><span class='ocrx_word' id='word_1_207' title='bbox 157 2208 298 2254; x_wconf 91' lang='lat' dir='ltr'>tero:</span> <span class='ocrx_word' id='word_1_208' title='bbox 326 2199 516 2254; x_wconf 65' lang='lat' dir='ltr'>‘Immo</span> <span class='ocrx_word' id='word_1_209' title='bbox 545 2204 826 2254; x_wconf 91' lang='lat' dir='ltr'>enimvero</span> <span class='ocrx_word' id='word_1_210' title='bbox 855 2216 961 2266; x_wconf 87' lang='lat' dir='ltr'>ego</span> <span class='ocrx_word' id='word_1_211' title='bbox 990 2217 1128 2261; x_wconf 90' lang='lat' dir='ltr'>sum,</span> <span class='ocrx_word' id='word_1_212' title='bbox 1157 2203 1398 2266; x_wconf 91' lang='lat' dir='ltr'>inquam,</span> <span class='ocrx_word' id='word_1_213' title='bbox 1427 2201 1653 2254; x_wconf 88' lang='lat' dir='ltr'>Orestes</span> <span class='ocrx_word' id='word_1_214' title='bbox 1667 2199 1697 2252; x_wconf 83' lang='lat' dir='ltr'>l&#39;</span> <span class='ocrx_word' id='word_1_215' title='bbox 1721 2215 1844 2253; x_wconf 90' lang='lat' dir='ltr'>cum</span> 
     </span>
     <span class='ocr_line' id='line_1_28' title="bbox 153 2277 1849 2341; baseline 0 -13"><span class='ocrx_word' id='word_1_216' title='bbox 153 2283 338 2330; x_wconf 88' lang='lat' dir='ltr'>autern</span> <span class='ocrx_word' id='word_1_217' title='bbox 399 2279 566 2330; x_wconf 92' lang='lat' dir='ltr'>etiam</span> <span class='ocrx_word' id='word_1_218' title='bbox 626 2279 808 2329; x_wconf 89' lang='lat' dir='ltr'>exitus</span> <span class='ocrx_word' id='word_1_219' title='bbox 868 2277 939 2328; x_wconf 94' lang='lat' dir='ltr'>ab</span> <span class='ocrx_word' id='word_1_220' title='bbox 1000 2283 1238 2341; x_wconf 92' lang='lat' dir='ltr'>utroque</span> <span class='ocrx_word' id='word_1_221' title='bbox 1295 2277 1459 2328; x_wconf 91' lang='lat' dir='ltr'>datur</span> <span class='ocrx_word' id='word_1_222' title='bbox 1519 2277 1849 2329; x_wconf 92' lang='lat' dir='ltr'>conturbato</span> 
     </span>
     <span class='ocr_line' id='line_1_29' title="bbox 155 2353 1842 2416; baseline -0.001 -12"><span class='ocrx_word' id='word_1_223' title='bbox 155 2353 470 2416; x_wconf 88' lang='lat' dir='ltr'>errantique</span> <span class='ocrx_word' id='word_1_224' title='bbox 541 2354 672 2416; x_wconf 84' lang='lat' dir='ltr'>regi,</span> <span class='ocrx_word' id='word_1_225' title='bbox 743 2353 909 2403; x_wconf 89' lang='lat' dir='ltr'>ambo</span> <span class='ocrx_word' id='word_1_226' title='bbox 981 2365 1115 2415; x_wconf 87' lang='lat' dir='ltr'>ergo</span> <span class='ocrx_word' id='word_1_227' title='bbox 1187 2365 1247 2403; x_wconf 88' lang='lat' dir='ltr'>se</span> <span class='ocrx_word' id='word_1_228' title='bbox 1303 2366 1414 2403; x_wconf 91' lang='lat' dir='ltr'>una</span> <span class='ocrx_word' id='word_1_229' title='bbox 1469 2353 1652 2403; x_wconf 92' lang='lat' dir='ltr'>necari</span> <span class='ocrx_word' id='word_1_230' title='bbox 1719 2366 1842 2402; x_wconf 92' lang='lat' dir='ltr'>cum</span> 
     </span>
    </p>
   </div>
   <div class='ocr_carea' id='block_1_3' title="bbox 153 2427 1850 2491">
    <p class='ocr_par' dir='ltr' id='par_1_3' title="bbox 153 2427 1850 2491">
     <span class='ocr_line' id='line_1_30' title="bbox 153 2427 1850 2491; baseline -0.001 -12"><span class='ocrx_word' id='word_1_231' title='bbox 153 2433 461 2491; x_wconf 90' lang='lat' dir='ltr'>precantur,</span> <span class='ocrx_word' id='word_1_232' title='bbox 509 2428 765 2491; x_wconf 86' lang='lat' dir='ltr'>quotiens</span> <span class='ocrx_word' id='word_1_233' title='bbox 808 2427 916 2478; x_wconf 90' lang='lat' dir='ltr'>hoc</span> <span class='ocrx_word' id='word_1_234' title='bbox 955 2427 1166 2490; x_wconf 86' lang='lat' dir='ltr'>agitur,</span> <span class='ocrx_word' id='word_1_235' title='bbox 1208 2427 1573 2490; x_wconf 87' lang='lat' dir='ltr'>ecquandone</span> <span class='ocrx_word' id='word_1_236' title='bbox 1612 2427 1720 2478; x_wconf 87' lang='lat' dir='ltr'>nisi</span> <span class='ocrx_word' id='word_1_237' title='bbox 1753 2427 1850 2478; x_wconf 89' lang='lat' dir='ltr'>ad-</span> 
     </span>
    </p>
   </div>
   <div class='ocr_carea' id='block_1_4' title="bbox 154 2570 1853 3100">
    <p class='ocr_par' dir='ltr' id='par_1_4' title="bbox 154 2570 1852 2744">
     <span class='ocr_line' id='line_1_31' title="bbox 228 2570 1851 2622; baseline 0.001 -9"><span class='ocrx_word' id='word_1_238' title='bbox 228 2571 248 2613; x_wconf 90' lang='lat'><strong>1</strong></span> <span class='ocrx_word' id='word_1_239' title='bbox 283 2573 490 2614; x_wconf 85' lang='lat' dir='ltr'>vicerunt</span> <span class='ocrx_word' id='word_1_240' title='bbox 520 2573 644 2614; x_wconf 79' lang='lat' dir='ltr'>Mdv,</span> <span class='ocrx_word' id='word_1_241' title='bbox 688 2572 879 2614; x_wconf 85' lang='lat' dir='ltr'>vicerint</span> <span class='ocrx_word' id='word_1_242' title='bbox 1029 2571 1057 2612; x_wconf 85' lang='lat'><strong>6</strong></span> <span class='ocrx_word' id='word_1_243' title='bbox 1090 2571 1248 2614; x_wconf 87' lang='lat' dir='ltr'>indole</span> <span class='ocrx_word' id='word_1_244' title='bbox 1291 2581 1478 2622; x_wconf 82' lang='lat' dir='ltr'>quaque</span> <span class='ocrx_word' id='word_1_245' title='bbox 1508 2570 1592 2614; x_wconf 79' lang='lat' dir='ltr'>BE</span> <span class='ocrx_word' id='word_1_246' title='bbox 1744 2570 1771 2612; x_wconf 90' lang='lat'><strong>8</strong></span> <span class='ocrx_word' id='word_1_247' title='bbox 1803 2571 1851 2614; x_wconf 85' lang='lat' dir='ltr'>in</span> 
     </span>
     <span class='ocr_line' id='line_1_32' title="bbox 155 2623 1851 2684; baseline 0 -13"><span class='ocrx_word' id='word_1_248' title='bbox 155 2632 307 2681; x_wconf 90' lang='lat' dir='ltr'>pueris</span> <span class='ocrx_word' id='word_1_249' title='bbox 348 2643 580 2681; x_wconf 87' lang='lat' dir='ltr'>expressa.</span> <span class='ocrx_word' id='word_1_250' title='bbox 643 2631 693 2672; x_wconf 92' lang='lat' dir='ltr'>In</span> <span class='ocrx_word' id='word_1_251' title='bbox 733 2632 789 2672; x_wconf 91' lang='lat' dir='ltr'>iis</span> <span class='ocrx_word' id='word_1_252' title='bbox 834 2627 945 2681; x_wconf 87' lang='lat' dir='ltr'>(his)</span> <span class='ocrx_word' id='word_1_253' title='bbox 988 2642 1098 2672; x_wconf 87' lang='lat' dir='ltr'>vero</span> <span class='ocrx_word' id='word_1_254' title='bbox 1138 2630 1277 2672; x_wconf 86' lang='lat' dir='ltr'>RNV</span> <span class='ocrx_word' id='word_1_255' title='bbox 1431 2630 1485 2671; x_wconf 86' lang='lat'>16</span> <span class='ocrx_word' id='word_1_256' title='bbox 1526 2631 1630 2680; x_wconf 88' lang='lat' dir='ltr'>quis</span> <span class='ocrx_word' id='word_1_257' title='bbox 1665 2623 1851 2684; x_wconf 73' lang='lat' dir='ltr'>(suae)</span> 
     </span>
     <span class='ocr_line' id='line_1_33' title="bbox 154 2684 1852 2744; baseline -0.001 -13"><span class='ocrx_word' id='word_1_258' title='bbox 154 2691 278 2731; x_wconf 88' lang='lat' dir='ltr'>urbis</span> <span class='ocrx_word' id='word_1_259' title='bbox 319 2691 428 2732; x_wconf 72' lang='grc' dir='ltr'><em>ΒΚΖ.</em></span> <span class='ocrx_word' id='word_1_260' title='bbox 472 2692 575 2742; x_wconf 92' lang='lat' dir='ltr'>quis</span> <span class='ocrx_word' id='word_1_261' title='bbox 617 2684 824 2744; x_wconf 85' lang='lat' dir='ltr'>&lt;huius&gt;</span> <span class='ocrx_word' id='word_1_262' title='bbox 867 2691 992 2731; x_wconf 89' lang='lat' dir='ltr'>urbis</span> <span class='ocrx_word' id='word_1_263' title='bbox 1023 2691 1147 2732; x_wconf 78' lang='lat' dir='ltr'>Mdv.</span> <span class='ocrx_word' id='word_1_264' title='bbox 1315 2690 1372 2731; x_wconf 87' lang='grc'>22</span> <span class='ocrx_word' id='word_1_265' title='bbox 1412 2691 1578 2741; x_wconf 88' lang='lat' dir='ltr'>loquor</span> <span class='ocrx_word' id='word_1_266' title='bbox 1607 2690 1650 2731; x_wconf 91' lang='lat' dir='ltr'>V</span> <span class='ocrx_word' id='word_1_267' title='bbox 1689 2691 1852 2740; x_wconf 91' lang='lat' dir='ltr'>loquar</span> 
     </span>
    </p>

    <p class='ocr_par' dir='ltr' id='par_1_5' title="bbox 154 2748 1853 3100">
     <span class='ocr_line' id='line_1_34' title="bbox 227 2748 1849 2802; baseline 0.001 -11"><span class='ocrx_word' id='word_1_268' title='bbox 227 2750 285 2792; x_wconf 83' lang='lat'>23</span> <span class='ocrx_word' id='word_1_269' title='bbox 318 2754 363 2791; x_wconf 86' lang='lat' dir='ltr'>et</span> <span class='ocrx_word' id='word_1_270' title='bbox 394 2748 470 2801; x_wconf 84' lang='lat' dir='ltr'>ad]</span> <span class='ocrx_word' id='word_1_271' title='bbox 504 2753 584 2802; x_wconf 91' lang='lat' dir='ltr'>qui</span> <span class='ocrx_word' id='word_1_272' title='bbox 617 2752 677 2792; x_wconf 87' lang='lat' dir='ltr'>ad</span> <span class='ocrx_word' id='word_1_273' title='bbox 707 2750 790 2791; x_wconf 87' lang='lat' dir='ltr'>BE</span> <span class='ocrx_word' id='word_1_274' title='bbox 890 2749 947 2791; x_wconf 88' lang='lat'>28</span> <span class='ocrx_word' id='word_1_275' title='bbox 979 2761 1032 2791; x_wconf 88' lang='lat' dir='ltr'>se</span> <span class='ocrx_word' id='word_1_276' title='bbox 1063 2762 1156 2791; x_wconf 84' lang='lat' dir='ltr'>una</span> <span class='ocrx_word' id='word_1_277' title='bbox 1188 2752 1342 2792; x_wconf 87' lang='lat' dir='ltr'>necari</span> <span class='ocrx_word' id='word_1_278' title='bbox 1375 2761 1478 2792; x_wconf 91' lang='lat' dir='ltr'>cum</span> <span class='ocrx_word' id='word_1_279' title='bbox 1512 2753 1755 2800; x_wconf 84' lang='lat' dir='ltr'>precantur</span> <span class='ocrx_word' id='word_1_280' title='bbox 1778 2749 1849 2792; x_wconf 86' lang='lat' dir='ltr'>Se.</span> 
     </span>
     <span class='ocr_line' id='line_1_35' title="bbox 154 2809 1853 2862; baseline 0.001 -12"><span class='ocrx_word' id='word_1_281' title='bbox 154 2821 506 2861; x_wconf 71' lang='lat' dir='ltr'>sunaneganum</span> <span class='ocrx_word' id='word_1_282' title='bbox 534 2822 772 2862; x_wconf 84' lang='lat' dir='ltr'>precamur</span> <span class='ocrx_word' id='word_1_283' title='bbox 794 2810 876 2851; x_wconf 92' lang='lat' dir='ltr'>BE</span> <span class='ocrx_word' id='word_1_284' title='bbox 901 2809 1222 2861; x_wconf 61' lang='lat' dir='ltr'>sunanegam-1</span> <span class='ocrx_word' id='word_1_285' title='bbox 1248 2821 1486 2861; x_wconf 84' lang='lat' dir='ltr'>precamur</span> <span class='ocrx_word' id='word_1_286' title='bbox 1509 2810 1546 2852; x_wconf 88' lang='lat' dir='ltr'>R</span> <span class='ocrx_word' id='word_1_287' title='bbox 1579 2822 1672 2851; x_wconf 91' lang='lat' dir='ltr'>una</span> <span class='ocrx_word' id='word_1_288' title='bbox 1696 2811 1853 2851; x_wconf 84' lang='lat' dir='ltr'>uivere</span> 
     </span>
     <span class='ocr_line' id='line_1_36' title="bbox 155 2867 1853 2922; baseline 0.001 -12"><span class='ocrx_word' id='word_1_289' title='bbox 155 2880 391 2919; x_wconf 82' lang='lat' dir='ltr'>precamur</span> <span class='ocrx_word' id='word_1_290' title='bbox 421 2867 505 2920; x_wconf 85' lang='lat' dir='ltr'>(ab</span> <span class='ocrx_word' id='word_1_291' title='bbox 544 2872 630 2912; x_wconf 83' lang='lat' dir='ltr'>alt.</span> <span class='ocrx_word' id='word_1_292' title='bbox 664 2883 721 2911; x_wconf 93' lang='lat' dir='ltr'>m.</span> <span class='ocrx_word' id='word_1_293' title='bbox 756 2872 802 2910; x_wconf 87' lang='grc' dir='ltr'>ἰη</span> <span class='ocrx_word' id='word_1_294' title='bbox 845 2882 956 2919; x_wconf 72' lang='lat' dir='ltr'>ras„</span> <span class='ocrx_word' id='word_1_295' title='bbox 996 2871 1084 2911; x_wconf 77' lang='lat' dir='ltr'>sub</span> <span class='ocrx_word' id='word_1_296' title='bbox 1117 2881 1145 2910; x_wconf 86' lang='lat' dir='ltr'>a</span> <span class='ocrx_word' id='word_1_297' title='bbox 1179 2882 1209 2910; x_wconf 92' lang='lat' dir='ltr'>u</span> <span class='ocrx_word' id='word_1_298' title='bbox 1242 2871 1439 2922; x_wconf 82' lang='lat' dir='ltr'>inferior</span> <span class='ocrx_word' id='word_1_299' title='bbox 1472 2882 1591 2921; x_wconf 75' lang='lat' dir='ltr'>par-3</span> <span class='ocrx_word' id='word_1_300' title='bbox 1623 2882 1655 2921; x_wconf 81' lang='lat' dir='ltr'>g</span> <span class='ocrx_word' id='word_1_301' title='bbox 1686 2882 1853 2912; x_wconf 79' lang='lat' dir='ltr'>erasae</span> 
     </span>
     <span class='ocr_line' id='line_1_37' title="bbox 156 2928 1852 2982; baseline 0.001 -12"><span class='ocrx_word' id='word_1_302' title='bbox 156 2931 377 2980; x_wconf 61' lang='lat' dir='ltr'>cognosci</span> <span class='ocrx_word' id='word_1_303' title='bbox 386 2928 567 2982; x_wconf 74' lang='lat' dir='ltr'>potest)</span> <span class='ocrx_word' id='word_1_304' title='bbox 581 2931 621 2971; x_wconf 86' lang='lat' dir='ltr'>N</span> <span class='ocrx_word' id='word_1_305' title='bbox 635 2930 912 2980; x_wconf 78' lang='lat' dir='ltr'>negancium</span> <span class='ocrx_word' id='word_1_306' title='bbox 935 2941 1029 2970; x_wconf 87' lang='lat' dir='ltr'>una</span> <span class='ocrx_word' id='word_1_307' title='bbox 1039 2931 1194 2971; x_wconf 80' lang='lat' dir='ltr'>vivere</span> <span class='ocrx_word' id='word_1_308' title='bbox 1215 2930 1507 2980; x_wconf 86' lang='lat' dir='ltr'>precamurV</span> <span class='ocrx_word' id='word_1_309' title='bbox 1578 2930 1635 2971; x_wconf 84' lang='lat'>29</span> <span class='ocrx_word' id='word_1_310' title='bbox 1650 2941 1852 2981; x_wconf 76' lang='lat' dir='ltr'>ecquan-</span> 
     </span>
     <span class='ocr_line' id='line_1_38' title="bbox 156 2984 1853 3070; baseline 0.001 -40"><span class='ocrx_word' id='word_1_311' title='bbox 156 2989 280 3030; x_wconf 85' lang='lat' dir='ltr'>done</span> <span class='ocrx_word' id='word_1_312' title='bbox 303 2988 422 3032; x_wconf 85' lang='lat' dir='ltr'>Dav.</span> <span class='ocrx_word' id='word_1_313' title='bbox 455 2993 501 3031; x_wconf 90' lang='lat' dir='ltr'>et</span> <span class='ocrx_word' id='word_1_314' title='bbox 533 2991 721 3070; x_wconf 57' lang='lat' dir='ltr'>qufmdo</span> <span class='ocrx_word' id='word_1_315' title='bbox 753 3000 814 3030; x_wconf 91' lang='lat' dir='ltr'>ne</span> <span class='ocrx_word' id='word_1_316' title='bbox 845 2989 974 3031; x_wconf 86' lang='lat' dir='ltr'>BER</span> <span class='ocrx_word' id='word_1_317' title='bbox 1006 2992 1052 3031; x_wconf 86' lang='lat' dir='ltr'>et</span> <span class='ocrx_word' id='word_1_318' title='bbox 1084 2984 1347 3045; x_wconf 74' lang='lat' dir='ltr'>quandolve</span> <span class='ocrx_word' id='word_1_319' title='bbox 1371 2984 1436 3031; x_wconf 84' lang='lat' dir='ltr'>N²</span> <span class='ocrx_word' id='word_1_320' title='bbox 1475 2993 1545 3032; x_wconf 78' lang='lat' dir='ltr'>est</span> <span class='ocrx_word' id='word_1_321' title='bbox 1579 2991 1767 3041; x_wconf 88' lang='lat' dir='ltr'>quando</span> <span class='ocrx_word' id='word_1_322' title='bbox 1793 3002 1853 3032; x_wconf 88' lang='lat' dir='ltr'>ne</span> 
     </span>
     <span class='ocr_line' id='line_1_39' title="bbox 155 3047 586 3100; baseline 0.005 -11"><span class='ocrx_word' id='word_1_323' title='bbox 155 3047 197 3089; x_wconf 86' lang='lat' dir='ltr'>V</span> <span class='ocrx_word' id='word_1_324' title='bbox 228 3050 288 3098; x_wconf 82' lang='lat' dir='ltr'>et,</span> <span class='ocrx_word' id='word_1_325' title='bbox 321 3051 376 3090; x_wconf 81' lang='lat' dir='ltr'>ut</span> <span class='ocrx_word' id='word_1_326' title='bbox 406 3050 513 3100; x_wconf 70' lang='lat' dir='ltr'>vid„</span> <span class='ocrx_word' id='word_1_327' title='bbox 544 3050 586 3091; x_wconf 91' lang='lat' dir='ltr'>N</span> 
     </span>
    </p>
   </div>
   <div class='ocr_carea' id='block_1_5' title="bbox 1883 864 1938 904">
    <p class='ocr_par' dir='ltr' id='par_1_6' title="bbox 1883 864 1938 904">
     <span class='ocr_line' id='line_1_40' title="bbox 1883 864 1938 904; baseline 0 0"><span class='ocrx_word' id='word_1_328' title='bbox 1883 864 1938 904; x_wconf 87' lang='lat'>62</span> 
     </span>
    </p>
   </div>
   <div class='ocr_carea' id='block_1_6' title="bbox 1883 1913 1939 1954">
    <p class='ocr_par' dir='ltr' id='par_1_7' title="bbox 1883 1913 1939 1954">
     <span class='ocr_line' id='line_1_41' title="bbox 1883 1913 1939 1954; baseline 0 0"><span class='ocrx_word' id='word_1_329' title='bbox 1883 1913 1939 1954; x_wconf 88' lang='grc'>63</span> 
     </span>
    </p>
   </div>
  </div>
 </body>
</html>
