<?xml version="1.0" encoding="UTF-8"?>
<!DOCTYPE html PUBLIC "-//W3C//DTD XHTML 1.0 Transitional//EN"
    "http://www.w3.org/TR/xhtml1/DTD/xhtml1-transitional.dtd">
<html xmlns="http://www.w3.org/1999/xhtml" xml:lang="en" lang="en">
 <head>
  <title>
</title>
<meta http-equiv="Content-Type" content="text/html;charset=utf-8" />
  <meta name='ocr-system' content='tesseract 3.04.00' />
  <meta name='ocr-capabilities' content='ocr_page ocr_carea ocr_par ocr_line ocrx_word'/>
</head>
<body>
  <div class='ocr_page' id='page_1' title='image "./p1scriptaquaeman13ciceuoft_0213.png"; bbox 0 0 2046 3138; ppageno 0'>
   <div class='ocr_carea' id='block_1_1' title="bbox 23 95 1806 162">
    <p class='ocr_par' dir='ltr' id='par_1_1' title="bbox 23 95 1806 162">
     <span class='ocr_line' id='line_1_1' title="bbox 23 95 1806 162; baseline 0.004 -15"><span class='ocrx_word' id='word_1_1' title='bbox 23 102 51 156; x_wconf 71' lang='lat' dir='ltr'><strong>s</strong></span> <span class='ocrx_word' id='word_1_2' title='bbox 77 103 252 147; x_wconf 66' lang='grc' dir='ltr'><em>ἰε-76</em></span> <span class='ocrx_word' id='word_1_3' title='bbox 445 159 448 162; x_wconf 33' lang='lat'>‚</span> <span class='ocrx_word' id='word_1_4' title='bbox 530 99 615 147; x_wconf 84' lang='lat' dir='ltr'><strong>DE</strong></span> <span class='ocrx_word' id='word_1_5' title='bbox 647 97 900 147; x_wconf 84' lang='lat' dir='ltr'>FINIBUS</span> <span class='ocrx_word' id='word_1_6' title='bbox 933 96 1084 147; x_wconf 84' lang='lat' dir='ltr'><strong>BON.</strong></span> <span class='ocrx_word' id='word_1_7' title='bbox 1117 96 1195 145; x_wconf 82' lang='grc' dir='ltr'><strong>ΕΤ</strong></span> <span class='ocrx_word' id='word_1_8' title='bbox 1228 95 1384 148; x_wconf 80' lang='lat' dir='ltr'><strong>MAL.</strong></span> <span class='ocrx_word' id='word_1_9' title='bbox 1705 102 1806 156; x_wconf 82' lang='lat'><strong>193</strong></span> 
     </span>
    </p>
   </div>
   <div class='ocr_carea' id='block_1_2' title="bbox 46 236 1897 1568">
    <p class='ocr_par' dir='ltr' id='par_1_2' title="bbox 115 236 1897 440">
     <span class='ocr_line' id='line_1_2' title="bbox 183 236 1897 303; baseline -0.002 -13"><span class='ocrx_word' id='word_1_10' title='bbox 183 238 339 296; x_wconf 87' lang='lat' dir='ltr'>Quae</span> <span class='ocrx_word' id='word_1_11' title='bbox 371 252 494 290; x_wconf 93' lang='lat' dir='ltr'><strong>cum</strong></span> <span class='ocrx_word' id='word_1_12' title='bbox 531 238 762 291; x_wconf 87' lang='lat' dir='ltr'><strong>dixisset</strong></span> <span class='ocrx_word' id='word_1_13' title='bbox 795 238 1134 303; x_wconf 85' lang='lat' dir='ltr'>paulumque</span> <span class='ocrx_word' id='word_1_14' title='bbox 1166 239 1470 296; x_wconf 88' lang='lat' dir='ltr'><strong>institisset,</strong></span> <span class='ocrx_word' id='word_1_15' title='bbox 1505 236 1652 293; x_wconf 90' lang='lat' dir='ltr'><strong>Quid</strong></span> <span class='ocrx_word' id='word_1_16' title='bbox 1685 237 1808 287; x_wconf 76' lang='lat' dir='ltr'><strong>est?</strong></span> <span class='ocrx_word' id='word_1_17' title='bbox 1843 248 1897 287; x_wconf 88' lang='lat'><strong>75</strong></span> 
     </span>
     <span class='ocr_line' id='line_1_3' title="bbox 119 311 1802 377; baseline -0.002 -13"><span class='ocrx_word' id='word_1_18' title='bbox 119 314 316 377; x_wconf 88' lang='lat' dir='ltr'><strong>inquit;</strong></span> <span class='ocrx_word' id='word_1_19' title='bbox 359 315 565 364; x_wconf 90' lang='lat' dir='ltr'><strong>satisne</strong></span> <span class='ocrx_word' id='word_1_20' title='bbox 607 314 768 364; x_wconf 90' lang='lat' dir='ltr'><strong>vobis</strong></span> <span class='ocrx_word' id='word_1_21' title='bbox 810 313 1005 364; x_wconf 91' lang='lat' dir='ltr'><strong>videor</strong></span> <span class='ocrx_word' id='word_1_22' title='bbox 1046 327 1146 376; x_wconf 94' lang='lat' dir='ltr'><strong>pro</strong></span> <span class='ocrx_word' id='word_1_23' title='bbox 1188 326 1313 364; x_wconf 88' lang='lat' dir='ltr'><strong>meo</strong></span> <span class='ocrx_word' id='word_1_24' title='bbox 1355 313 1472 363; x_wconf 92' lang='lat' dir='ltr'><strong>iure</strong></span> <span class='ocrx_word' id='word_1_25' title='bbox 1511 313 1564 361; x_wconf 92' lang='lat' dir='ltr'><strong>in</strong></span> <span class='ocrx_word' id='word_1_26' title='bbox 1603 311 1802 362; x_wconf 89' lang='lat' dir='ltr'><strong>vestris</strong></span> 
     </span>
     <span class='ocr_line' id='line_1_4' title="bbox 115 389 825 440; baseline 0 -2"><span class='ocrx_word' id='word_1_27' title='bbox 115 389 343 439; x_wconf 89' lang='lat' dir='ltr'><strong>auribus</strong></span> <span class='ocrx_word' id='word_1_28' title='bbox 382 389 825 440; x_wconf 79' lang='lat' dir='ltr'><strong>commentatus?</strong></span> 
     </span>
    </p>

    <p class='ocr_par' dir='ltr' id='par_1_3' title="bbox 182 460 1808 526">
     <span class='ocr_line' id='line_1_5' title="bbox 182 460 1808 526; baseline -0.001 -14"><span class='ocrx_word' id='word_1_29' title='bbox 182 462 247 514; x_wconf 92' lang='lat' dir='ltr'><strong>Et</strong></span> <span class='ocrx_word' id='word_1_30' title='bbox 284 475 414 526; x_wconf 87' lang='lat' dir='ltr'><strong>ego:</strong></span> <span class='ocrx_word' id='word_1_31' title='bbox 454 461 537 512; x_wconf 93' lang='lat' dir='ltr'><strong>Tu</strong></span> <span class='ocrx_word' id='word_1_32' title='bbox 575 476 723 521; x_wconf 92' lang='lat' dir='ltr'><strong>ver0,</strong></span> <span class='ocrx_word' id='word_1_33' title='bbox 763 463 1004 526; x_wconf 88' lang='lat' dir='ltr'><strong>inquam,</strong></span> <span class='ocrx_word' id='word_1_34' title='bbox 1045 462 1188 521; x_wconf 88' lang='lat' dir='ltr'><strong>Piso,</strong></span> <span class='ocrx_word' id='word_1_35' title='bbox 1227 468 1287 514; x_wconf 92' lang='lat' dir='ltr'><strong>ut</strong></span> <span class='ocrx_word' id='word_1_36' title='bbox 1324 475 1491 525; x_wconf 82' lang='lat' dir='ltr'><strong>saepe</strong></span> <span class='ocrx_word' id='word_1_37' title='bbox 1532 460 1686 519; x_wconf 83' lang='lat' dir='ltr'><strong>aliaS,</strong></span> <span class='ocrx_word' id='word_1_38' title='bbox 1729 460 1808 510; x_wconf 91' lang='lat' dir='ltr'><strong>sic</strong></span> 
     </span>
    </p>

    <p class='ocr_par' dir='ltr' id='par_1_4' title="bbox 69 536 1808 897">
     <span class='ocr_line' id='line_1_6' title="bbox 69 536 1805 599; baseline -0.002 -10"><span class='ocrx_word' id='word_1_39' title='bbox 69 556 91 589; x_wconf 91' lang='lat'><strong>5</strong></span> <span class='ocrx_word' id='word_1_40' title='bbox 116 537 282 588; x_wconf 92' lang='lat' dir='ltr'><strong>hodie</strong></span> <span class='ocrx_word' id='word_1_41' title='bbox 314 538 391 588; x_wconf 92' lang='lat' dir='ltr'><strong>ita</strong></span> <span class='ocrx_word' id='word_1_42' title='bbox 423 550 591 588; x_wconf 91' lang='lat' dir='ltr'><strong>nosse</strong></span> <span class='ocrx_word' id='word_1_43' title='bbox 622 538 730 587; x_wconf 89' lang='lat' dir='ltr'><strong>ista</strong></span> <span class='ocrx_word' id='word_1_44' title='bbox 761 538 917 588; x_wconf 91' lang='lat' dir='ltr'><strong>visus</strong></span> <span class='ocrx_word' id='word_1_45' title='bbox 951 550 1025 595; x_wconf 82' lang='lat' dir='ltr'><strong>eS‚</strong></span> <span class='ocrx_word' id='word_1_46' title='bbox 1059 543 1133 596; x_wconf 91' lang='lat' dir='ltr'><strong>ut,</strong></span> <span class='ocrx_word' id='word_1_47' title='bbox 1165 538 1209 588; x_wconf 91' lang='lat' dir='ltr'><strong>si</strong></span> <span class='ocrx_word' id='word_1_48' title='bbox 1246 537 1324 587; x_wconf 91' lang='lat' dir='ltr'><strong>tui</strong></span> <span class='ocrx_word' id='word_1_49' title='bbox 1359 536 1521 587; x_wconf 92' lang='lat' dir='ltr'><strong>nobis</strong></span> <span class='ocrx_word' id='word_1_50' title='bbox 1555 541 1805 599; x_wconf 90' lang='lat' dir='ltr'><strong>potestas</strong></span> 
     </span>
     <span class='ocr_line' id='line_1_7' title="bbox 116 609 1804 674; baseline -0.002 -12"><span class='ocrx_word' id='word_1_51' title='bbox 116 611 339 674; x_wconf 88' lang='lat' dir='ltr'><strong>saepius</strong></span> <span class='ocrx_word' id='word_1_52' title='bbox 395 610 570 669; x_wconf 85' lang='lat' dir='ltr'><strong>fieret,</strong></span> <span class='ocrx_word' id='word_1_53' title='bbox 628 624 739 662; x_wconf 92' lang='lat' dir='ltr'><strong>non</strong></span> <span class='ocrx_word' id='word_1_54' title='bbox 797 611 1031 662; x_wconf 93' lang='lat' dir='ltr'><strong>multum</strong></span> <span class='ocrx_word' id='word_1_55' title='bbox 1090 610 1315 662; x_wconf 86' lang='lat' dir='ltr'><strong>Graecis</strong></span> <span class='ocrx_word' id='word_1_56' title='bbox 1374 609 1804 674; x_wconf 92' lang='lat' dir='ltr'><strong>supplicandum</strong></span> 
     </span>
     <span class='ocr_line' id='line_1_8' title="bbox 112 681 1808 748; baseline -0.001 -13"><span class='ocrx_word' id='word_1_57' title='bbox 112 691 380 748; x_wconf 91' lang='lat' dir='ltr'><strong>putarem.</strong></span> <span class='ocrx_word' id='word_1_58' title='bbox 463 685 613 748; x_wconf 89' lang='lat' dir='ltr'><strong>quod</strong></span> <span class='ocrx_word' id='word_1_59' title='bbox 680 685 903 748; x_wconf 91' lang='lat' dir='ltr'><strong>quidem</strong></span> <span class='ocrx_word' id='word_1_60' title='bbox 969 699 1036 736; x_wconf 93' lang='lat' dir='ltr'><strong>eo</strong></span> <span class='ocrx_word' id='word_1_61' title='bbox 1105 685 1338 748; x_wconf 92' lang='lat' dir='ltr'><strong>probavi</strong></span> <span class='ocrx_word' id='word_1_62' title='bbox 1401 685 1597 748; x_wconf 89' lang='lat' dir='ltr'><strong>magis,</strong></span> <span class='ocrx_word' id='word_1_63' title='bbox 1678 681 1808 746; x_wconf 86' lang='lat' dir='ltr'><strong>quia</strong></span> 
     </span>
     <span class='ocr_line' id='line_1_9' title="bbox 113 757 1807 831; baseline -0.001 -21"><span class='ocrx_word' id='word_1_64' title='bbox 113 760 336 811; x_wconf 90' lang='lat' dir='ltr'><strong>memini</strong></span> <span class='ocrx_word' id='word_1_65' title='bbox 367 759 619 831; x_wconf 81' lang='lat' dir='ltr'><strong>Staseam</strong></span> <span class='ocrx_word' id='word_1_66' title='bbox 653 759 1100 823; x_wconf 84' lang='lat' dir='ltr'><strong>Neapolitanum,</strong></span> <span class='ocrx_word' id='word_1_67' title='bbox 1132 759 1415 811; x_wconf 91' lang='lat' dir='ltr'><strong>doctorem</strong></span> <span class='ocrx_word' id='word_1_68' title='bbox 1447 757 1602 809; x_wconf 92' lang='lat' dir='ltr'><strong>illum</strong></span> <span class='ocrx_word' id='word_1_69' title='bbox 1635 764 1807 817; x_wconf 89' lang='lat' dir='ltr'><strong>tuum,</strong></span> 
     </span>
     <span class='ocr_line' id='line_1_10' title="bbox 113 832 1807 897; baseline -0.001 -12"><span class='ocrx_word' id='word_1_70' title='bbox 113 834 354 885; x_wconf 91' lang='lat' dir='ltr'><strong>nobilem</strong></span> <span class='ocrx_word' id='word_1_71' title='bbox 379 847 513 885; x_wconf 90' lang='lat' dir='ltr'><strong>sane</strong></span> <span class='ocrx_word' id='word_1_72' title='bbox 537 834 978 897; x_wconf 84' lang='lat' dir='ltr'><strong>Peripateticum,</strong></span> <span class='ocrx_word' id='word_1_73' title='bbox 1001 834 1287 897; x_wconf 90' lang='lat' dir='ltr'><strong>aliquanto</strong></span> <span class='ocrx_word' id='word_1_74' title='bbox 1311 835 1417 885; x_wconf 89' lang='lat' dir='ltr'><strong>ista</strong></span> <span class='ocrx_word' id='word_1_75' title='bbox 1442 847 1601 885; x_wconf 88' lang='lat' dir='ltr'><strong>secus</strong></span> <span class='ocrx_word' id='word_1_76' title='bbox 1626 832 1807 884; x_wconf 92' lang='lat' dir='ltr'><strong>dicere</strong></span> 
     </span>
    </p>

    <p class='ocr_par' dir='ltr' id='par_1_5' title="bbox 48 907 1805 1121">
     <span class='ocr_line' id='line_1_11' title="bbox 48 907 1805 972; baseline -0.002 -10"><span class='ocrx_word' id='word_1_77' title='bbox 48 927 92 962; x_wconf 87' lang='lat'><strong>10</strong></span> <span class='ocrx_word' id='word_1_78' title='bbox 115 909 355 968; x_wconf 88' lang='lat' dir='ltr'><strong>solitum,</strong></span> <span class='ocrx_word' id='word_1_79' title='bbox 394 909 788 960; x_wconf 83' lang='lat' dir='ltr'><strong>assentientem</strong></span> <span class='ocrx_word' id='word_1_80' title='bbox 829 910 911 967; x_wconf 92' lang='lat' dir='ltr'><strong>iis,</strong></span> <span class='ocrx_word' id='word_1_81' title='bbox 953 910 1046 972; x_wconf 91' lang='lat' dir='ltr'><strong>qui</strong></span> <span class='ocrx_word' id='word_1_82' title='bbox 1086 908 1321 960; x_wconf 92' lang='lat' dir='ltr'><strong>multum</strong></span> <span class='ocrx_word' id='word_1_83' title='bbox 1362 909 1417 958; x_wconf 92' lang='lat' dir='ltr'><strong>in</strong></span> <span class='ocrx_word' id='word_1_84' title='bbox 1459 907 1684 959; x_wconf 83' lang='lat' dir='ltr'><strong>fortuna</strong></span> <span class='ocrx_word' id='word_1_85' title='bbox 1722 921 1805 958; x_wconf 91' lang='lat' dir='ltr'><strong>se-</strong></span> 
     </span>
     <span class='ocr_line' id='line_1_12' title="bbox 113 982 1804 1045; baseline -0.001 -12"><span class='ocrx_word' id='word_1_86' title='bbox 113 983 294 1034; x_wconf 89' lang='lat' dir='ltr'><strong>cunda</strong></span> <span class='ocrx_word' id='word_1_87' title='bbox 318 989 415 1034; x_wconf 91' lang='lat' dir='ltr'><strong>aut</strong></span> <span class='ocrx_word' id='word_1_88' title='bbox 441 983 693 1042; x_wconf 90' lang='lat' dir='ltr'><strong>adversa,</strong></span> <span class='ocrx_word' id='word_1_89' title='bbox 719 983 954 1034; x_wconf 92' lang='lat' dir='ltr'><strong>multum</strong></span> <span class='ocrx_word' id='word_1_90' title='bbox 980 984 1035 1033; x_wconf 92' lang='lat' dir='ltr'><strong>in</strong></span> <span class='ocrx_word' id='word_1_91' title='bbox 1062 983 1223 1034; x_wconf 91' lang='lat' dir='ltr'><strong>bonis</strong></span> <span class='ocrx_word' id='word_1_92' title='bbox 1249 989 1345 1034; x_wconf 90' lang='lat' dir='ltr'><strong>aut</strong></span> <span class='ocrx_word' id='word_1_93' title='bbox 1364 982 1526 1033; x_wconf 90' lang='lat' dir='ltr'><strong>malis</strong></span> <span class='ocrx_word' id='word_1_94' title='bbox 1557 983 1804 1045; x_wconf 92' lang='lat' dir='ltr'><strong>corporis</strong></span> 
     </span>
     <span class='ocr_line' id='line_1_13' title="bbox 113 1064 395 1121; baseline -0.004 -12"><span class='ocrx_word' id='word_1_95' title='bbox 113 1064 395 1121; x_wconf 90' lang='lat' dir='ltr'><strong>ponerent.</strong></span> 
     </span>
    </p>

    <p class='ocr_par' dir='ltr' id='par_1_6' title="bbox 111 1131 1805 1270">
     <span class='ocr_line' id='line_1_14' title="bbox 178 1131 1804 1195; baseline -0.001 -13"><span class='ocrx_word' id='word_1_96' title='bbox 178 1131 287 1191; x_wconf 91' lang='lat' dir='ltr'><strong>Est,</strong></span> <span class='ocrx_word' id='word_1_97' title='bbox 317 1138 378 1183; x_wconf 91' lang='lat' dir='ltr'><strong>ut</strong></span> <span class='ocrx_word' id='word_1_98' title='bbox 411 1133 563 1191; x_wconf 90' lang='lat' dir='ltr'><strong>dicis,</strong></span> <span class='ocrx_word' id='word_1_99' title='bbox 594 1134 795 1195; x_wconf 90' lang='lat' dir='ltr'><strong>inquit;</strong></span> <span class='ocrx_word' id='word_1_100' title='bbox 827 1133 925 1183; x_wconf 91' lang='lat' dir='ltr'><strong>sed</strong></span> <span class='ocrx_word' id='word_1_101' title='bbox 957 1132 1094 1183; x_wconf 92' lang='lat' dir='ltr'><strong>haec</strong></span> <span class='ocrx_word' id='word_1_102' title='bbox 1123 1132 1193 1182; x_wconf 93' lang='lat' dir='ltr'><strong>ab</strong></span> <span class='ocrx_word' id='word_1_103' title='bbox 1218 1131 1509 1190; x_wconf 84' lang='lat' dir='ltr'><strong>AntiochO,</strong></span> <span class='ocrx_word' id='word_1_104' title='bbox 1543 1131 1804 1182; x_wconf 78' lang='lat' dir='ltr'><strong>familiari</strong></span> 
     </span>
     <span class='ocr_line' id='line_1_15' title="bbox 111 1205 1805 1270; baseline -0.001 -13"><span class='ocrx_word' id='word_1_105' title='bbox 111 1212 318 1266; x_wconf 91' lang='lat' dir='ltr'><strong>nostro,</strong></span> <span class='ocrx_word' id='word_1_106' title='bbox 343 1207 600 1258; x_wconf 92' lang='lat' dir='ltr'><strong>dicuntur</strong></span> <span class='ocrx_word' id='word_1_107' title='bbox 624 1206 799 1258; x_wconf 90' lang='lat' dir='ltr'><strong>multo</strong></span> <span class='ocrx_word' id='word_1_108' title='bbox 823 1206 1022 1257; x_wconf 90' lang='lat' dir='ltr'><strong>melius</strong></span> <span class='ocrx_word' id='word_1_109' title='bbox 1045 1212 1099 1258; x_wconf 90' lang='lat' dir='ltr'><strong>et</strong></span> <span class='ocrx_word' id='word_1_110' title='bbox 1123 1206 1339 1265; x_wconf 79' lang='lat' dir='ltr'><strong>fortiuS‚</strong></span> <span class='ocrx_word' id='word_1_111' title='bbox 1365 1220 1530 1270; x_wconf 89' lang='lat' dir='ltr'><strong>quam</strong></span> <span class='ocrx_word' id='word_1_112' title='bbox 1549 1219 1582 1256; x_wconf 92' lang='lat' dir='ltr'><strong>a</strong></span> <span class='ocrx_word' id='word_1_113' title='bbox 1609 1205 1805 1261; x_wconf 85' lang='lat' dir='ltr'><strong>Stasea</strong></span> 
     </span>
    </p>

    <p class='ocr_par' dir='ltr' id='par_1_7' title="bbox 46 1280 1804 1494">
     <span class='ocr_line' id='line_1_16' title="bbox 46 1280 1803 1345; baseline -0.003 -10"><span class='ocrx_word' id='word_1_114' title='bbox 46 1299 89 1335; x_wconf 87' lang='lat'><strong>15</strong></span> <span class='ocrx_word' id='word_1_115' title='bbox 113 1281 450 1333; x_wconf 90' lang='lat' dir='ltr'><strong>dicebantur.</strong></span> <span class='ocrx_word' id='word_1_116' title='bbox 505 1296 841 1345; x_wconf 87' lang='lat' dir='ltr'><strong>quamquam</strong></span> <span class='ocrx_word' id='word_1_117' title='bbox 886 1295 991 1344; x_wconf 86' lang='lat' dir='ltr'><strong>ego</strong></span> <span class='ocrx_word' id='word_1_118' title='bbox 1034 1295 1145 1332; x_wconf 92' lang='lat' dir='ltr'><strong>non</strong></span> <span class='ocrx_word' id='word_1_119' title='bbox 1190 1294 1411 1344; x_wconf 81' lang='lat' dir='ltr'><strong>quaere,</strong></span> <span class='ocrx_word' id='word_1_120' title='bbox 1456 1280 1588 1344; x_wconf 91' lang='lat' dir='ltr'><strong>quid</strong></span> <span class='ocrx_word' id='word_1_121' title='bbox 1632 1280 1730 1331; x_wconf 92' lang='lat' dir='ltr'><strong>tibi</strong></span> <span class='ocrx_word' id='word_1_122' title='bbox 1771 1294 1803 1330; x_wconf 96' lang='lat' dir='ltr'><strong>a</strong></span> 
     </span>
     <span class='ocr_line' id='line_1_17' title="bbox 111 1355 1804 1419; baseline -0.001 -13"><span class='ocrx_word' id='word_1_123' title='bbox 111 1369 199 1406; x_wconf 92' lang='lat' dir='ltr'><strong>me</strong></span> <span class='ocrx_word' id='word_1_124' title='bbox 225 1356 520 1419; x_wconf 92' lang='lat' dir='ltr'><strong>probatum</strong></span> <span class='ocrx_word' id='word_1_125' title='bbox 550 1356 634 1414; x_wconf 91' lang='lat' dir='ltr'><strong>sit,</strong></span> <span class='ocrx_word' id='word_1_126' title='bbox 662 1355 759 1406; x_wconf 89' lang='lat' dir='ltr'><strong>sed</strong></span> <span class='ocrx_word' id='word_1_127' title='bbox 786 1356 915 1406; x_wconf 91' lang='lat' dir='ltr'><strong>huic</strong></span> <span class='ocrx_word' id='word_1_128' title='bbox 941 1355 1189 1407; x_wconf 92' lang='lat' dir='ltr'><strong>Ciceroni</strong></span> <span class='ocrx_word' id='word_1_129' title='bbox 1216 1360 1424 1414; x_wconf 89' lang='lat' dir='ltr'><strong>nostr0,</strong></span> <span class='ocrx_word' id='word_1_130' title='bbox 1447 1369 1610 1418; x_wconf 90' lang='lat' dir='ltr'><strong>quem</strong></span> <span class='ocrx_word' id='word_1_131' title='bbox 1641 1355 1804 1405; x_wconf 92' lang='lat' dir='ltr'><strong>disci-</strong></span> 
     </span>
     <span class='ocr_line' id='line_1_18' title="bbox 112 1430 996 1494; baseline 0 -14"><span class='ocrx_word' id='word_1_132' title='bbox 112 1430 304 1493; x_wconf 92' lang='lat' dir='ltr'><strong>pulum</strong></span> <span class='ocrx_word' id='word_1_133' title='bbox 343 1431 506 1494; x_wconf 92' lang='lat' dir='ltr'><strong>cupio</strong></span> <span class='ocrx_word' id='word_1_134' title='bbox 546 1444 580 1481; x_wconf 94' lang='lat' dir='ltr'><strong>a</strong></span> <span class='ocrx_word' id='word_1_135' title='bbox 616 1436 670 1482; x_wconf 94' lang='lat' dir='ltr'><strong>te</strong></span> <span class='ocrx_word' id='word_1_136' title='bbox 707 1430 996 1481; x_wconf 91' lang='lat' dir='ltr'><strong>abducere.</strong></span> 
     </span>
    </p>

    <p class='ocr_par' dir='ltr' id='par_1_8' title="bbox 176 1477 1892 1568">
     <span class='ocr_line' id='line_1_19' title="bbox 176 1477 1892 1568; baseline 0 -13"><span class='ocrx_word' id='word_1_137' title='bbox 176 1504 316 1555; x_wconf 92' lang='lat' dir='ltr'><strong>Tum</strong></span> <span class='ocrx_word' id='word_1_138' title='bbox 339 1505 565 1556; x_wconf 90' lang='lat' dir='ltr'><strong>Lucius:</strong></span> <span class='ocrx_word' id='word_1_139' title='bbox 591 1505 726 1555; x_wconf 92' lang='lat' dir='ltr'><strong>Mihi</strong></span> <span class='ocrx_word' id='word_1_140' title='bbox 749 1518 883 1556; x_wconf 93' lang='lat' dir='ltr'><strong>vero</strong></span> <span class='ocrx_word' id='word_1_141' title='bbox 906 1506 1014 1555; x_wconf 93' lang='lat' dir='ltr'><strong>ista</strong></span> <span class='ocrx_word' id='word_1_142' title='bbox 1036 1503 1202 1555; x_wconf 92' lang='lat' dir='ltr'><strong>valde</strong></span> <span class='ocrx_word' id='word_1_143' title='bbox 1226 1504 1462 1568; x_wconf 92' lang='lat' dir='ltr'><strong>probata</strong></span> <span class='ocrx_word' id='word_1_144' title='bbox 1481 1510 1623 1563; x_wconf 89' lang='lat' dir='ltr'><strong>sunt,</strong></span> <span class='ocrx_word' id='word_1_145' title='bbox 1652 1503 1801 1567; x_wconf 91' lang='lat' dir='ltr'><strong>quod</strong></span> <span class='ocrx_word' id='word_1_146' title='bbox 1822 1477 1892 1526; x_wconf 73' lang='lat'><strong>26</strong></span> 
     </span>
    </p>
   </div>
   <div class='ocr_carea' id='block_1_3' title="bbox 110 1549 1894 1643">
    <p class='ocr_par' dir='ltr' id='par_1_9' title="bbox 110 1549 1894 1643">
     <span class='ocr_line' id='line_1_20' title="bbox 110 1549 1894 1643; baseline 0.001 -13"><span class='ocrx_word' id='word_1_147' title='bbox 110 1581 239 1631; x_wconf 92' lang='lat' dir='ltr'><strong>item</strong></span> <span class='ocrx_word' id='word_1_148' title='bbox 282 1579 439 1631; x_wconf 82' lang='lat' dir='ltr'><strong>fratri</strong></span> <span class='ocrx_word' id='word_1_149' title='bbox 483 1585 635 1643; x_wconf 89' lang='lat' dir='ltr'><strong>puto.</strong></span> <span class='ocrx_word' id='word_1_150' title='bbox 1838 1549 1894 1589; x_wconf 74' lang='lat'><strong>⁷⁶</strong></span> 
     </span>
    </p>
   </div>
   <div class='ocr_carea' id='block_1_4' title="bbox 40 1652 1803 2609">
    <p class='ocr_par' dir='ltr' id='par_1_10' title="bbox 40 1652 1803 1866">
     <span class='ocr_line' id='line_1_21' title="bbox 40 1652 1803 1716; baseline -0.001 -12"><span class='ocrx_word' id='word_1_151' title='bbox 40 1673 86 1708; x_wconf 83' lang='lat'><strong>20</strong></span> <span class='ocrx_word' id='word_1_152' title='bbox 176 1654 316 1704; x_wconf 93' lang='lat' dir='ltr'><strong>Tum</strong></span> <span class='ocrx_word' id='word_1_153' title='bbox 338 1654 471 1704; x_wconf 91' lang='lat' dir='ltr'><strong>mihi</strong></span> <span class='ocrx_word' id='word_1_154' title='bbox 500 1654 653 1704; x_wconf 91' lang='lat' dir='ltr'><strong>Piso:</strong></span> <span class='ocrx_word' id='word_1_155' title='bbox 676 1652 823 1709; x_wconf 91' lang='lat' dir='ltr'><strong>Quid</strong></span> <span class='ocrx_word' id='word_1_156' title='bbox 844 1654 1020 1716; x_wconf 77' lang='lat' dir='ltr'><strong>ergo?</strong></span> <span class='ocrx_word' id='word_1_157' title='bbox 1043 1654 1235 1716; x_wconf 90' lang='lat' dir='ltr'><strong>inquit,</strong></span> <span class='ocrx_word' id='word_1_158' title='bbox 1264 1653 1436 1704; x_wconf 90' lang='lat' dir='ltr'><strong>dasne</strong></span> <span class='ocrx_word' id='word_1_159' title='bbox 1461 1653 1803 1705; x_wconf 89' lang='lat' dir='ltr'><strong>adolescenti</strong></span> 
     </span>
     <span class='ocr_line' id='line_1_22' title="bbox 110 1727 1801 1792; baseline -0.001 -13"><span class='ocrx_word' id='word_1_160' title='bbox 110 1729 369 1780; x_wconf 76' lang='lat' dir='ltr'><strong>veniam?</strong></span> <span class='ocrx_word' id='word_1_161' title='bbox 418 1743 488 1779; x_wconf 93' lang='lat' dir='ltr'><strong>an</strong></span> <span class='ocrx_word' id='word_1_162' title='bbox 530 1743 656 1780; x_wconf 90' lang='lat' dir='ltr'><strong>eum</strong></span> <span class='ocrx_word' id='word_1_163' title='bbox 697 1727 908 1779; x_wconf 91' lang='lat' dir='ltr'><strong>discere</strong></span> <span class='ocrx_word' id='word_1_164' title='bbox 948 1741 1014 1778; x_wconf 90' lang='lat' dir='ltr'><strong>ea</strong></span> <span class='ocrx_word' id='word_1_165' title='bbox 1053 1729 1247 1787; x_wconf 91' lang='lat' dir='ltr'><strong>mavis,</strong></span> <span class='ocrx_word' id='word_1_166' title='bbox 1289 1742 1431 1792; x_wconf 90' lang='lat' dir='ltr'><strong>quae</strong></span> <span class='ocrx_word' id='word_1_167' title='bbox 1469 1742 1592 1780; x_wconf 91' lang='lat' dir='ltr'><strong>cum</strong></span> <span class='ocrx_word' id='word_1_168' title='bbox 1636 1727 1801 1791; x_wconf 92' lang='lat' dir='ltr'><strong>plane</strong></span> 
     </span>
     <span class='ocr_line' id='line_1_23' title="bbox 110 1802 866 1866; baseline -0.003 -12"><span class='ocrx_word' id='word_1_169' title='bbox 110 1803 477 1866; x_wconf 92' lang='lat' dir='ltr'><strong>perdidicerit,</strong></span> <span class='ocrx_word' id='word_1_170' title='bbox 514 1802 650 1853; x_wconf 92' lang='lat' dir='ltr'><strong>nihil</strong></span> <span class='ocrx_word' id='word_1_171' title='bbox 690 1803 866 1854; x_wconf 76' lang='lat' dir='ltr'><strong>sciat?</strong></span> 
     </span>
    </p>

    <p class='ocr_par' dir='ltr' id='par_1_11' title="bbox 109 1876 1801 2014">
     <span class='ocr_line' id='line_1_24' title="bbox 175 1876 1801 1941; baseline -0.001 -12"><span class='ocrx_word' id='word_1_172' title='bbox 175 1877 292 1941; x_wconf 87' lang='lat' dir='ltr'><strong>Ego</strong></span> <span class='ocrx_word' id='word_1_173' title='bbox 329 1891 463 1928; x_wconf 93' lang='lat' dir='ltr'><strong>vero</strong></span> <span class='ocrx_word' id='word_1_174' title='bbox 503 1878 609 1936; x_wconf 91' lang='lat' dir='ltr'><strong>isti,</strong></span> <span class='ocrx_word' id='word_1_175' title='bbox 648 1877 889 1940; x_wconf 91' lang='lat' dir='ltr'><strong>inquam,</strong></span> <span class='ocrx_word' id='word_1_176' title='bbox 930 1877 1203 1940; x_wconf 89' lang='lat' dir='ltr'><strong>permitto.</strong></span> <span class='ocrx_word' id='word_1_177' title='bbox 1254 1876 1352 1928; x_wconf 92' lang='lat' dir='ltr'><strong>sed</strong></span> <span class='ocrx_word' id='word_1_178' title='bbox 1391 1891 1575 1928; x_wconf 91' lang='lat' dir='ltr'><strong>nonne</strong></span> <span class='ocrx_word' id='word_1_179' title='bbox 1609 1878 1801 1928; x_wconf 89' lang='lat' dir='ltr'><strong>memi-</strong></span> 
     </span>
     <span class='ocr_line' id='line_1_25' title="bbox 109 1951 1800 2014; baseline -0.001 -11"><span class='ocrx_word' id='word_1_180' title='bbox 109 1952 238 2003; x_wconf 91' lang='lat' dir='ltr'><strong>nisti</strong></span> <span class='ocrx_word' id='word_1_181' title='bbox 278 1952 441 2003; x_wconf 91' lang='lat' dir='ltr'><strong>licere</strong></span> <span class='ocrx_word' id='word_1_182' title='bbox 482 1951 616 2002; x_wconf 91' lang='lat' dir='ltr'><strong>mihi</strong></span> <span class='ocrx_word' id='word_1_183' title='bbox 656 1952 764 2002; x_wconf 93' lang='lat' dir='ltr'><strong>ista</strong></span> <span class='ocrx_word' id='word_1_184' title='bbox 803 1951 1053 2014; x_wconf 91' lang='lat' dir='ltr'><strong>probare,</strong></span> <span class='ocrx_word' id='word_1_185' title='bbox 1095 1965 1237 2014; x_wconf 91' lang='lat' dir='ltr'><strong>quae</strong></span> <span class='ocrx_word' id='word_1_186' title='bbox 1278 1957 1406 2002; x_wconf 93' lang='lat' dir='ltr'><strong>sunt</strong></span> <span class='ocrx_word' id='word_1_187' title='bbox 1443 1966 1476 2001; x_wconf 92' lang='lat' dir='ltr'><strong>a</strong></span> <span class='ocrx_word' id='word_1_188' title='bbox 1517 1957 1570 2002; x_wconf 88' lang='lat' dir='ltr'><strong>te</strong></span> <span class='ocrx_word' id='word_1_189' title='bbox 1613 1951 1800 2003; x_wconf 71' lang='lat' dir='ltr'><strong>dicta?</strong></span> 
     </span>
    </p>

    <p class='ocr_par' dir='ltr' id='par_1_12' title="bbox 41 2025 1802 2164">
     <span class='ocr_line' id='line_1_26' title="bbox 41 2025 1802 2090; baseline -0.002 -10"><span class='ocrx_word' id='word_1_190' title='bbox 41 2046 87 2082; x_wconf 89' lang='lat'><strong>25</strong></span> <span class='ocrx_word' id='word_1_191' title='bbox 110 2027 233 2090; x_wconf 89' lang='lat' dir='ltr'><strong>quis</strong></span> <span class='ocrx_word' id='word_1_192' title='bbox 262 2027 407 2077; x_wconf 91' lang='lat' dir='ltr'><strong>enim</strong></span> <span class='ocrx_word' id='word_1_193' title='bbox 440 2031 623 2089; x_wconf 91' lang='lat' dir='ltr'><strong>potest</strong></span> <span class='ocrx_word' id='word_1_194' title='bbox 652 2040 732 2085; x_wconf 89' lang='lat' dir='ltr'><strong>ea,</strong></span> <span class='ocrx_word' id='word_1_195' title='bbox 763 2039 904 2089; x_wconf 90' lang='lat' dir='ltr'><strong>quae</strong></span> <span class='ocrx_word' id='word_1_196' title='bbox 934 2025 1245 2089; x_wconf 93' lang='lat' dir='ltr'><strong>probabilia</strong></span> <span class='ocrx_word' id='word_1_197' title='bbox 1274 2025 1569 2084; x_wconf 90' lang='lat' dir='ltr'><strong>videantur</strong></span> <span class='ocrx_word' id='word_1_198' title='bbox 1592 2027 1658 2085; x_wconf 91' lang='lat' dir='ltr'><strong>ei,</strong></span> <span class='ocrx_word' id='word_1_199' title='bbox 1690 2040 1802 2077; x_wconf 90' lang='lat' dir='ltr'><strong>non</strong></span> 
     </span>
     <span class='ocr_line' id='line_1_27' title="bbox 109 2101 384 2164; baseline -0.004 -12"><span class='ocrx_word' id='word_1_200' title='bbox 109 2101 384 2164; x_wconf 77' lang='lat' dir='ltr'><strong>probare?</strong></span> 
     </span>
    </p>

    <p class='ocr_par' dir='ltr' id='par_1_13' title="bbox 107 2174 1801 2375">
     <span class='ocr_line' id='line_1_28' title="bbox 174 2174 1799 2238; baseline 0 -13"><span class='ocrx_word' id='word_1_201' title='bbox 174 2175 260 2225; x_wconf 88' lang='lat' dir='ltr'><strong>An</strong></span> <span class='ocrx_word' id='word_1_202' title='bbox 311 2188 460 2234; x_wconf 89' lang='lat' dir='ltr'><strong>vero,</strong></span> <span class='ocrx_word' id='word_1_203' title='bbox 514 2175 706 2238; x_wconf 91' lang='lat' dir='ltr'><strong>inquit,</strong></span> <span class='ocrx_word' id='word_1_204' title='bbox 760 2174 1053 2237; x_wconf 89' lang='lat' dir='ltr'><strong>quisquam</strong></span> <span class='ocrx_word' id='word_1_205' title='bbox 1107 2179 1291 2238; x_wconf 90' lang='lat' dir='ltr'><strong>potest</strong></span> <span class='ocrx_word' id='word_1_206' title='bbox 1344 2174 1594 2238; x_wconf 90' lang='lat' dir='ltr'><strong>probare,</strong></span> <span class='ocrx_word' id='word_1_207' title='bbox 1649 2175 1799 2238; x_wconf 91' lang='lat' dir='ltr'><strong>quod</strong></span> 
     </span>
     <span class='ocr_line' id='line_1_29' title="bbox 109 2248 1801 2313; baseline 0 -13"><span class='ocrx_word' id='word_1_208' title='bbox 109 2255 444 2313; x_wconf 91' lang='lat' dir='ltr'><strong>perceptum,</strong></span> <span class='ocrx_word' id='word_1_209' title='bbox 481 2248 630 2312; x_wconf 88' lang='lat' dir='ltr'><strong>quod</strong></span> <span class='ocrx_word' id='word_1_210' title='bbox 670 2248 1144 2311; x_wconf 87' lang='lat' dir='ltr'><strong>comprehensum,</strong></span> <span class='ocrx_word' id='word_1_211' title='bbox 1182 2248 1332 2312; x_wconf 92' lang='lat' dir='ltr'><strong>quod</strong></span> <span class='ocrx_word' id='word_1_212' title='bbox 1369 2249 1652 2312; x_wconf 86' lang='lat' dir='ltr'><strong>cognitum</strong></span> <span class='ocrx_word' id='word_1_213' title='bbox 1689 2263 1801 2301; x_wconf 92' lang='lat' dir='ltr'><strong>non</strong></span> 
     </span>
     <span class='ocr_line' id='line_1_30' title="bbox 107 2324 311 2375; baseline 0.005 -1"><span class='ocrx_word' id='word_1_214' title='bbox 107 2324 311 2375; x_wconf 78' lang='lat' dir='ltr'><strong>habet?</strong></span> 
     </span>
    </p>

    <p class='ocr_par' dir='ltr' id='par_1_14' title="bbox 41 2397 1799 2609">
     <span class='ocr_line' id='line_1_31' title="bbox 41 2397 1798 2460; baseline 0 -12"><span class='ocrx_word' id='word_1_215' title='bbox 41 2419 87 2454; x_wconf 80' lang='lat'><strong>30</strong></span> <span class='ocrx_word' id='word_1_216' title='bbox 175 2398 299 2449; x_wconf 92' lang='lat' dir='ltr'><strong>Non</strong></span> <span class='ocrx_word' id='word_1_217' title='bbox 338 2403 422 2448; x_wconf 92' lang='lat' dir='ltr'><strong>est</strong></span> <span class='ocrx_word' id='word_1_218' title='bbox 460 2398 581 2456; x_wconf 91' lang='lat' dir='ltr'><strong>ista,</strong></span> <span class='ocrx_word' id='word_1_219' title='bbox 620 2398 860 2460; x_wconf 91' lang='lat' dir='ltr'><strong>inquam,</strong></span> <span class='ocrx_word' id='word_1_220' title='bbox 900 2397 1043 2456; x_wconf 89' lang='lat' dir='ltr'><strong>Piso,</strong></span> <span class='ocrx_word' id='word_1_221' title='bbox 1082 2411 1287 2460; x_wconf 87' lang='lat' dir='ltr'><strong>magna</strong></span> <span class='ocrx_word' id='word_1_222' title='bbox 1326 2397 1617 2449; x_wconf 86' lang='lat' dir='ltr'><strong>dissensio.</strong></span> <span class='ocrx_word' id='word_1_223' title='bbox 1662 2398 1798 2448; x_wconf 90' lang='lat' dir='ltr'><strong>nihil</strong></span> 
     </span>
     <span class='ocr_line' id='line_1_32' title="bbox 108 2471 1798 2536; baseline 0.001 -14"><span class='ocrx_word' id='word_1_224' title='bbox 108 2473 253 2523; x_wconf 91' lang='lat' dir='ltr'><strong>enim</strong></span> <span class='ocrx_word' id='word_1_225' title='bbox 285 2478 369 2523; x_wconf 90' lang='lat' dir='ltr'><strong>est</strong></span> <span class='ocrx_word' id='word_1_226' title='bbox 402 2471 570 2531; x_wconf 88' lang='lat' dir='ltr'><strong>aliud,</strong></span> <span class='ocrx_word' id='word_1_227' title='bbox 604 2486 769 2535; x_wconf 90' lang='lat' dir='ltr'><strong>quam</strong></span> <span class='ocrx_word' id='word_1_228' title='bbox 803 2471 874 2523; x_wconf 95' lang='lat' dir='ltr'><strong>ob</strong></span> <span class='ocrx_word' id='word_1_229' title='bbox 908 2485 1022 2522; x_wconf 92' lang='lat' dir='ltr'><strong>rem</strong></span> <span class='ocrx_word' id='word_1_230' title='bbox 1055 2471 1188 2522; x_wconf 91' lang='lat' dir='ltr'><strong>mihi</strong></span> <span class='ocrx_word' id='word_1_231' title='bbox 1219 2473 1426 2535; x_wconf 93' lang='lat' dir='ltr'><strong>percipi</strong></span> <span class='ocrx_word' id='word_1_232' title='bbox 1461 2472 1596 2522; x_wconf 92' lang='lat' dir='ltr'><strong>nihil</strong></span> <span class='ocrx_word' id='word_1_233' title='bbox 1631 2486 1798 2536; x_wconf 89' lang='lat' dir='ltr'><strong>posse</strong></span> 
     </span>
     <span class='ocr_line' id='line_1_33' title="bbox 107 2546 1799 2609; baseline 0 -12"><span class='ocrx_word' id='word_1_234' title='bbox 107 2546 377 2605; x_wconf 90' lang='lat' dir='ltr'><strong>videatur,</strong></span> <span class='ocrx_word' id='word_1_235' title='bbox 427 2547 534 2596; x_wconf 89' lang='lat' dir='ltr'><strong>nisi</strong></span> <span class='ocrx_word' id='word_1_236' title='bbox 589 2546 739 2609; x_wconf 88' lang='lat' dir='ltr'><strong>quod</strong></span> <span class='ocrx_word' id='word_1_237' title='bbox 793 2546 1131 2609; x_wconf 91' lang='lat' dir='ltr'><strong>percipiendi</strong></span> <span class='ocrx_word' id='word_1_238' title='bbox 1183 2547 1269 2597; x_wconf 91' lang='lat' dir='ltr'><strong>vis</strong></span> <span class='ocrx_word' id='word_1_239' title='bbox 1323 2547 1398 2598; x_wconf 93' lang='lat' dir='ltr'><strong>ita</strong></span> <span class='ocrx_word' id='word_1_240' title='bbox 1451 2546 1718 2598; x_wconf 79' lang='lat' dir='ltr'><strong>definitur</strong></span> <span class='ocrx_word' id='word_1_241' title='bbox 1765 2561 1799 2597; x_wconf 89' lang='lat' dir='ltr'><strong>a</strong></span> 
     </span>
    </p>
   </div>
   <div class='ocr_carea' id='block_1_5' title="bbox 107 2702 1818 2991">
    <p class='ocr_par' dir='ltr' id='par_1_15' title="bbox 107 2702 1818 2991">
     <span class='ocr_line' id='line_1_34' title="bbox 183 2702 1799 2755; baseline 0.001 -11"><span class='ocrx_word' id='word_1_242' title='bbox 183 2704 202 2744; x_wconf 86' lang='lat'>1</span> <span class='ocrx_word' id='word_1_243' title='bbox 242 2715 494 2754; x_wconf 86' lang='lat' dir='ltr'><strong>parumque</strong></span> <span class='ocrx_word' id='word_1_244' title='bbox 525 2703 609 2743; x_wconf 89' lang='lat' dir='ltr'><strong>BE</strong></span> <span class='ocrx_word' id='word_1_245' title='bbox 759 2703 786 2744; x_wconf 86' lang='grc'>3</span> <span class='ocrx_word' id='word_1_246' title='bbox 819 2707 1107 2745; x_wconf 85' lang='lat' dir='ltr'><strong>comentatus</strong></span> <span class='ocrx_word' id='word_1_247' title='bbox 1139 2704 1176 2745; x_wconf 82' lang='lat' dir='ltr'>R</span> <span class='ocrx_word' id='word_1_248' title='bbox 1215 2708 1551 2746; x_wconf 90' lang='lat' dir='ltr'><strong>commentatus</strong></span> <span class='ocrx_word' id='word_1_249' title='bbox 1591 2702 1752 2755; x_wconf 83' lang='lat' dir='ltr'><strong>(prior</strong></span> <span class='ocrx_word' id='word_1_250' title='bbox 1783 2708 1799 2746; x_wconf 89' lang='lat' dir='ltr'><strong>t</strong></span> 
     </span>
     <span class='ocr_line' id='line_1_35' title="bbox 108 2759 1798 2815; baseline 0.001 -12"><span class='ocrx_word' id='word_1_251' title='bbox 108 2764 155 2803; x_wconf 82' lang='grc' dir='ltr'><strong>ἰη</strong></span> <span class='ocrx_word' id='word_1_252' title='bbox 180 2776 274 2805; x_wconf 82' lang='lat' dir='ltr'><strong>ras.</strong></span> <span class='ocrx_word' id='word_1_253' title='bbox 296 2765 445 2815; x_wconf 85' lang='lat' dir='ltr'><strong>paulo</strong></span> <span class='ocrx_word' id='word_1_254' title='bbox 470 2759 739 2814; x_wconf 83' lang='lat' dir='ltr'><strong>capaciore)</strong></span> <span class='ocrx_word' id='word_1_255' title='bbox 764 2763 805 2803; x_wconf 92' lang='lat' dir='ltr'>N</span> <span class='ocrx_word' id='word_1_256' title='bbox 838 2763 1187 2804; x_wconf 89' lang='lat' dir='ltr'><strong>commendatus</strong></span> <span class='ocrx_word' id='word_1_257' title='bbox 1213 2760 1384 2813; x_wconf 89' lang='lat' dir='ltr'><strong>(conm.</strong></span> <span class='ocrx_word' id='word_1_258' title='bbox 1410 2761 1462 2814; x_wconf 90' lang='lat' dir='ltr'><strong>E)</strong></span> <span class='ocrx_word' id='word_1_259' title='bbox 1495 2763 1579 2804; x_wconf 90' lang='lat' dir='ltr'><strong>BE</strong></span> <span class='ocrx_word' id='word_1_260' title='bbox 1611 2775 1798 2805; x_wconf 86' lang='lat' dir='ltr'><strong>comen-</strong></span> 
     </span>
     <span class='ocr_line' id='line_1_36' title="bbox 107 2817 1797 2873; baseline 0.001 -11"><span class='ocrx_word' id='word_1_261' title='bbox 107 2823 240 2863; x_wconf 83' lang='lat' dir='ltr'><strong>datus</strong></span> <span class='ocrx_word' id='word_1_262' title='bbox 267 2823 309 2864; x_wconf 87' lang='lat' dir='ltr'>V</span> <span class='ocrx_word' id='word_1_263' title='bbox 460 2823 487 2863; x_wconf 76' lang='lat'><strong>4</strong></span> <span class='ocrx_word' id='word_1_264' title='bbox 520 2822 633 2864; x_wconf 84' lang='lat' dir='ltr'><strong>alias</strong></span> <span class='ocrx_word' id='word_1_265' title='bbox 665 2817 729 2862; x_wconf 74' lang='lat' dir='ltr'><strong>N¹</strong></span> <span class='ocrx_word' id='word_1_266' title='bbox 769 2821 859 2862; x_wconf 83' lang='lat' dir='ltr'><strong>alia</strong></span> <span class='ocrx_word' id='word_1_267' title='bbox 1010 2822 1037 2862; x_wconf 86' lang='lat'>9</span> <span class='ocrx_word' id='word_1_268' title='bbox 1070 2823 1321 2873; x_wconf 88' lang='lat' dir='ltr'><strong>aliquando</strong></span> <span class='ocrx_word' id='word_1_269' title='bbox 1361 2823 1447 2864; x_wconf 91' lang='lat' dir='ltr'><strong>BE</strong></span> <span class='ocrx_word' id='word_1_270' title='bbox 1597 2823 1650 2863; x_wconf 89' lang='lat'><strong>21</strong></span> <span class='ocrx_word' id='word_1_271' title='bbox 1695 2835 1797 2864; x_wconf 90' lang='lat' dir='ltr'><strong>cum</strong></span> 
     </span>
     <span class='ocr_line' id='line_1_37' title="bbox 107 2880 1799 2933; baseline 0.002 -11"><span class='ocrx_word' id='word_1_272' title='bbox 107 2882 245 2931; x_wconf 82' lang='lat' dir='ltr'><strong>plane</strong></span> <span class='ocrx_word' id='word_1_273' title='bbox 275 2881 358 2923; x_wconf 90' lang='lat' dir='ltr'><strong>BE</strong></span> <span class='ocrx_word' id='word_1_274' title='bbox 389 2893 492 2923; x_wconf 92' lang='lat' dir='ltr'><strong>cum</strong></span> <span class='ocrx_word' id='word_1_275' title='bbox 524 2880 681 2933; x_wconf 64' lang='lat' dir='ltr'><strong>pclare</strong></span> <span class='ocrx_word' id='word_1_276' title='bbox 712 2881 807 2922; x_wconf 88' lang='lat' dir='ltr'><strong>NV</strong></span> <span class='ocrx_word' id='word_1_277' title='bbox 838 2880 1098 2932; x_wconf 67' lang='lat' dir='ltr'><strong>compclare</strong></span> <span class='ocrx_word' id='word_1_278' title='bbox 1129 2883 1167 2924; x_wconf 79' lang='lat' dir='ltr'>R</span> <span class='ocrx_word' id='word_1_279' title='bbox 1295 2883 1352 2923; x_wconf 87' lang='grc'><strong>22</strong></span> <span class='ocrx_word' id='word_1_280' title='bbox 1386 2883 1677 2933; x_wconf 84' lang='lat' dir='ltr'><strong>perdidicerit</strong></span> <span class='ocrx_word' id='word_1_281' title='bbox 1706 2882 1799 2925; x_wconf 87' lang='lat' dir='ltr'><strong>NV</strong></span> 
     </span>
     <span class='ocr_line' id='line_1_38' title="bbox 107 2940 1818 2991; baseline 0.002 -11"><span class='ocrx_word' id='word_1_282' title='bbox 107 2941 314 2982; x_wconf 70' lang='lat' dir='ltr'><strong>didicerIt</strong></span> <span class='ocrx_word' id='word_1_283' title='bbox 344 2942 382 2983; x_wconf 80' lang='lat' dir='ltr'>R</span> <span class='ocrx_word' id='word_1_284' title='bbox 417 2942 662 2991; x_wconf 85' lang='lat' dir='ltr'><strong>perdiderit</strong></span> <span class='ocrx_word' id='word_1_285' title='bbox 694 2941 775 2981; x_wconf 89' lang='lat' dir='ltr'><strong>BE</strong></span> <span class='ocrx_word' id='word_1_286' title='bbox 897 2940 950 2982; x_wconf 85' lang='lat'><strong>31</strong></span> <span class='ocrx_word' id='word_1_287' title='bbox 987 2944 1056 2982; x_wconf 90' lang='lat' dir='ltr'><strong>est</strong></span> <span class='ocrx_word' id='word_1_288' title='bbox 1088 2943 1209 2982; x_wconf 89' lang='lat' dir='ltr'><strong>enim</strong></span> <span class='ocrx_word' id='word_1_289' title='bbox 1243 2941 1329 2983; x_wconf 88' lang='lat' dir='ltr'><strong>BE</strong></span> <span class='ocrx_word' id='word_1_290' title='bbox 1815 2959 1818 2964; x_wconf 93' lang='lat'>·</span> 
     </span>
    </p>
   </div>
   <div class='ocr_carea' id='block_1_6' title="bbox 180 3016 1500 3058">
    <p class='ocr_par' dir='ltr' id='par_1_16' title="bbox 180 3016 1500 3058">
     <span class='ocr_line' id='line_1_39' title="bbox 180 3016 1500 3058; baseline -0.001 0"><span class='ocrx_word' id='word_1_291' title='bbox 180 3016 265 3058; x_wconf 81' lang='lat' dir='ltr'><strong>cic.</strong></span> <span class='ocrx_word' id='word_1_292' title='bbox 288 3018 334 3054; x_wconf 74' lang='lat'><strong>43</strong></span> <span class='ocrx_word' id='word_1_293' title='bbox 1445 3016 1500 3057; x_wconf 83' lang='lat'><strong>13</strong></span> 
     </span>
    </p>
   </div>
  </div>
 </body>
</html>
