2046 3138
185 257 218 306 4

255 146 358 198 160
672 137 757 185 DE
789 137 1043 185 FINIBUS
1076 137 1225 208 BON.
1259 137 1338 184 ET
1370 136 1522 185 MAL.
1696 142 2027 185 Lib.Vc.4—5

325 276 416 327 Sic
445 281 529 329 est
560 276 729 340 igitur
759 277 1003 329 locutus:
1035 276 1290 334 Quantus
1316 281 1545 328 ornatus
1576 276 1632 327 in
1663 276 1940 340 Peripate·

194 329 485 402 ⁹-ticorum
533 350 828 415 disciplina
874 352 944 403 sit
989 352 1124 402 satis
1169 357 1253 403 est
1291 365 1325 402 a
1367 364 1470 410 me,
1514 355 1576 403 ut
1614 350 1940 402 brevissime

166 1101 219 1142 10

169 1920 218 1961 11

253 425 448 488 potuit,
490 425 659 488 paulo
700 430 828 477 ante
868 425 1091 477 dictum.
1143 425 1243 477 sed
1278 430 1361 477 est
1401 425 1583 476 forma
1621 425 1740 476 eius
1778 424 1940 475 disci-

251 498 450 561 plinae,
485 499 626 551 sicut
657 498 774 550 fere
807 505 1128 559 ceterarum,
1162 499 1387 563 triplex:
1418 513 1529 550 una
1561 513 1690 562 pars
1727 505 1810 550 est
1846 513 1941 549 na-

252 579 423 633 turae,
461 572 770 625 disserendi
807 573 995 633 altera,
1030 573 1257 625 vivendi
1293 574 1468 625 tertia.
1510 573 1723 625 Natura
1758 573 1838 624 sic
1870 573 1940 623 ab
1988 588 2011 622 5

253 648 321 698 iis
354 648 691 711 investigata
725 654 823 707 est,
857 653 918 700 ut
951 648 1106 699 nulla
1134 662 1264 711 pars
1299 647 1467 707 caelo,
1501 648 1655 707 mari,
1686 653 1844 707 terra,
1880 653 1940 699 ut

254 721 468 784 poetice
507 721 718 785 loquar,
759 723 1151 786 praetermissa
1190 723 1284 781 sit;
1324 722 1455 786 quin
1489 722 1670 781 etiam,
1711 735 1833 772 cum
1874 721 1942 771 de

254 809 435 846 rerum
474 796 644 848 initiis
683 797 945 860 omnique
981 796 1192 848 mundo
1231 796 1400 848 locuti
1434 802 1633 854 essent,
1672 802 1732 847 ut
1768 795 1943 847 multa

252 884 364 921 non
411 870 582 922 modo
630 871 906 934 probabili
952 871 1448 935 argumentatione,
1496 870 1595 921 sed
1637 871 1802 921 etiam
1849 883 1942 921 ne·

253 944 494 996 cessaria
528 945 1045 997 mathematicorum
1082 947 1294 997 ratione
1330 944 1734 1003 concluderent,
1770 944 1942 994 maxi·
1970 959 2013 994 ιο

254 1032 400 1069 mam
432 1020 719 1070 materiam
754 1033 822 1070 ex
856 1019 1020 1071 rebus
1053 1033 1151 1083 per
1185 1033 1244 1070 se
1275 1019 1626 1083 investigatis
1652 1018 1724 1069 ad
1759 1032 1939 1069 rerum

251 1093 591 1145 occultarum
654 1094 1027 1158 cognitionem
1087 1094 1405 1145 attulerunt.
1478 1098 1800 1157 persecutus
1861 1097 1944 1143 est

250 1167 579 1220 Aristoteles
611 1169 975 1220 animantium
1009 1169 1257 1220 omnium
1289 1174 1458 1227 ortuS,
1490 1169 1685 1226 victuS,
1712 1166 1941 1230 figuras,

251 1241 669 1306 Theophrastus
695 1248 881 1294 autem
911 1243 1166 1306 stirpium
1192 1248 1419 1294 naturas
1447 1243 1805 1305 omniumque
1827 1241 1942 1292 fere

252 1330 450 1376 rerum,
476 1331 619 1380 quae
644 1331 674 1368 e
698 1323 843 1368 terra
868 1318 1241 1381 gignerentur,
1263 1330 1461 1368 causas
1485 1322 1652 1379 atque
1675 1316 1942 1373 rationes;
1970 1331 2013 1366 15

253 1405 363 1454 qua
391 1405 460 1442 ex
492 1392 809 1455 cognitione
838 1391 1056 1443 facilior
1087 1391 1235 1443 facta
1260 1397 1344 1442 est
1373 1391 1729 1454 investigatio
1760 1403 1940 1440 rerum

253 1464 768 1517 occultissimarum.
827 1465 1259 1529 Disserendique
1305 1465 1376 1516 ab
1435 1464 1613 1516 isdem
1673 1478 1784 1515 non
1827 1464 1943 1514 dia-

253 1539 443 1591 lectice
482 1539 679 1599 solum,
720 1540 819 1592 sed
857 1541 1023 1591 etiam
1063 1540 1303 1591 oratorie
1328 1545 1633 1602 {praecepta
1671 1543 1799 1590 sunt
1836 1543 1944 1589 tra-

255 1613 385 1673 dita,
430 1614 501 1665 ab
545 1614 955 1678 Aristoteleque
998 1615 1245 1678 principe
1291 1614 1361 1664 de
1400 1613 1635 1677 singulis
1679 1613 1844 1664 rebus
1888 1614 1942 1663 in

252 1695 543 1753 utramque
583 1696 797 1754 partem
836 1690 1057 1741 dicendi
1096 1691 1417 1741 exercitatio
1458 1695 1542 1741 est
1578 1690 1845 1748 instituta,
1883 1694 1943 1740 ut
1969 1702 2015 1738 20

250 1777 362 1815 non
400 1770 592 1816 contra
628 1766 815 1816 omnia
853 1778 1086 1828 semper,
1126 1765 1268 1816 sicut
1301 1764 1592 1823 Arcesilas,
1631 1763 1849 1822 diceret,
1890 1768 1944 1814 et

253 1844 438 1890 tamen
467 1845 528 1891 ut
558 1840 614 1890 in
644 1840 902 1891 omnibus
933 1840 1114 1898 rebus,
1140 1839 1401 1902 quicquid
1431 1852 1499 1889 ex
1527 1843 1760 1901 utraque
1787 1842 1942 1900 parte

255 1912 362 1964 dici
400 1919 605 1977 posset,
643 1919 1006 1977 expromeret.
1053 1912 1191 1964 Cum
1228 1918 1413 1964 autem
1444 1913 1605 1964 tertia
1640 1925 1769 1975 pars
1805 1911 1944 1962 bene

253 1987 479 2039 vivendi
516 1993 813 2051 praecepta
850 1993 1151 2051 quaereret,
1186 2001 1253 2038 ea
1290 2000 1510 2051 quoque
1539 1992 1624 2038 est
1659 1986 1729 2036 ab
1764 1985 1942 2036 isdem

253 2075 365 2112 non
404 2061 585 2113 solum
625 2062 697 2113 ad
736 2063 987 2125 privatae
1024 2063 1173 2113 vitae
1206 2062 1490 2120 rationem,
1530 2060 1629 2112 sed
1666 2060 1832 2112 etiam
1869 2059 1941 2110 ad
1968 2075 2013 2110 25

253 2149 435 2187 rerum
465 2136 811 2200 publicarum
841 2138 1139 2188 rectionem
1167 2136 1357 2188 relata.
1397 2136 1644 2186 omnium
1669 2134 1785 2186 fere
1814 2134 1943 2184 civi-

253 2215 428 2261 tatum
474 2224 586 2262 non
633 2210 898 2262 Graeciae
944 2210 1140 2270 solum,
1187 2209 1286 2261 sed
1326 2210 1492 2261 etiam
1538 2209 1825 2260 barbariae
1869 2208 1940 2258 ab

254 2284 552 2336 Aristotele
584 2298 783 2344 moreS‚
819 2285 1088 2343 instituta,
1121 2284 1460 2347 disciplinas,
1493 2297 1526 2334 a
1559 2282 1943 2345 Theophrasto

254 2358 407 2422 leges
445 2359 612 2410 etiarn
651 2360 1032 2422 cognovimus.
1081 2372 1316 2422 cumque
1353 2360 1583 2421 uterque
1615 2370 1806 2408 eorum
1845 2356 1943 2407 do-

255 2433 460 2484 cuisset
503 2432 723 2496 qualem
768 2434 823 2484 in
866 2447 924 2484 re
968 2432 1191 2496 publica
1222 2433 1532 2495 ,principem
1578 2427 1771 2497 <esse>
1815 2444 1942 2481 con·
1968 2446 2015 2482 30

253 2507 481 2566 veniret,
510 2506 762 2570 pluribus
793 2513 1078 2571 praeterea
1106 2506 1526 2569 conscripsisset
1556 2506 1648 2569 qui
1672 2510 1818 2556 esset
1845 2518 1943 2567 op·

255 2580 423 2632 timus
458 2582 535 2632 rei
573 2580 827 2644 publicae
863 2586 1056 2640 status,
1091 2581 1198 2632 hoc
1225 2580 1466 2643 amplius
1501 2579 1942 2642 Theophrastus:

256 2668 397 2718 quae
434 2660 620 2707 essent
657 2656 713 2705 in
750 2669 808 2706 re
846 2655 1068 2718 publica
1098 2668 1280 2706 rerum
1317 2653 1702 2705 inclinationes
1739 2658 1793 2703 et
1825 2665 1942 2702 mo-

253 2734 439 2780 menta
460 2734 788 2792 temporum,
813 2730 1014 2792 quibus
1036 2734 1184 2780 esset
1205 2727 1625 2785 moderandum,
1644 2731 1941 2788 utcumque

328 2856 355 2896 4
387 2859 576 2897 naturae
608 2859 712 2899 edd.
745 2860 906 2898 natura
938 2853 1100 2906 (etiam
1133 2853 1191 2907 Β)
1286 2855 1339 2896 12
1372 2858 1443 2896 est
1473 2854 1515 2896 N
1522 2848 1539 2874 ²
1568 2865 1657 2894 om.
1689 2846 1943 2894 BERN¹V

250 2916 370 2957 Non.
398 2928 447 2967 p.
470 2921 550 2957 232
699 2916 757 2958 23
790 2917 1062 2967 exprimeret
1092 2916 1130 2957 R
1280 2915 1338 2957 30
1369 2915 1480 2956 add.
1511 2913 1697 2954 Asc-ens.
1732 2917 1830 2952 1511

252 2974 305 3016 31
342 2986 444 3015 cum
477 2975 735 3025 scripsisset
758 2975 849 3017 NV
976 2975 1033 3016 32
1065 2977 1209 3016 status
1317 2976 1363 3014 in
1396 2984 1442 3014 re
1475 2972 1660 3022 publica
1691 2983 1780 3013 om.
1813 2970 1942 3011 BER
