2046 3138
111 450 169 491 87

108 1341 169 1382 88

109 2527 167 2568 89

203 164 272 212 72
560 173 563 175 -
619 154 704 199 DE
737 153 991 200 F1Nlssus
1025 152 1174 200 BON.
1208 153 1286 198 ET
1319 154 1471 199 MAL.
1601 150 1989 203 Lib.11c.27'-²-28

201 298 390 347 timeat
422 309 650 346 necesse
684 299 780 353 est,
811 308 882 345 ne
915 294 1215 357 aliquando
1249 295 1465 344 arnissis
1498 294 1603 345 illis
1629 297 1697 345 sit
1721 298 1897 349 miser.

203 371 396 423 beatus
430 374 615 420 autem
651 382 773 419 esse
813 370 868 419 in
902 370 1262 419 maximarum
1296 382 1472 419 rerum
1507 370 1700 420 timore
1732 385 1897 422 nemo

204 449 398 507 potest.
453 458 618 495 nemo
653 444 813 506 igitur
846 457 968 494 esse
994 444 1188 494 beatus
1214 447 1409 506 potest.
1463 457 1646 506 neque
1672 446 1817 495 enim
1843 446 1898 495 in

202 519 387 581 aliqua
430 523 596 580 parte,
645 517 743 568 sed
788 519 842 567 in
885 519 1245 580 perpetuitate
1284 518 1545 580 temporis
1583 519 1698 568 vita
1737 519 1900 569 beata

202 593 307 643 dici
342 593 496 652 solet,
529 607 632 643 nec
664 592 970 655 appellatur
1003 593 1230 643 omnino
1254 593 1382 650 vita,
1416 592 1520 642 nisi
1551 593 1799 643 confecta
1823 599 1899 643 at-
1943 604 1968 639 5

203 681 310 730 que
351 667 619 726 absoluta,
659 680 763 717 nec
803 671 984 729 potest
1025 667 1318 729 quisquam
1360 666 1495 717 alias
1528 667 1722 717 beatus
1760 682 1898 727 esse,

202 741 337 792 alias
382 743 567 799 misen
621 742 714 804 qui
759 742 905 793 enim
951 741 1282 791 existimabit
1325 755 1491 803 posse
1535 755 1613 791 se·
1639 743 1898 792 miserum

203 830 325 867 esse
369 817 563 867 beatus
607 829 720 866 non
766 817 876 867 erit.
947 829 1075 865 nam
1122 829 1245 864 cum
1294 821 1551 878 suscepta
1598 816 1769 866 semel
1818 821 1900 867 est

202 891 364 941 beata
386 892 514 949 vita,
539 896 649 940 tam
677 894 960 952 permanet
985 903 1150 952 quam
1177 891 1299 952 ipsa
1323 889 1416 939 illa
1441 890 1678 941 effectrix
1703 891 1899 941 beatae

200 966 347 1016 vitae
380 966 651 1028 sapientia
682 979 865 1028 neque
891 969 1142 1026 expectat
1166 964 1418 1014 ultimum
1447 969 1664 1027 tempus
1690 966 1898 1024 aetatis,
1923 975 1967 1011 10

202 1039 352 1101 quod
395 1038 598 1090 Croeso
641 1040 824 1089 scribit
864 1038 1177 1089 Herodotus
1219 1043 1570 1101 praeceptum
1611 1053 1644 1088 a
1677 1038 1898 1090 Solone.

199 1112 271 1163 At
297 1115 458 1174 enim,
492 1127 657 1177 quem
683 1114 754 1163 ad
781 1113 1008 1164 modum
1035 1118 1148 1163 tute
1174 1113 1413 1172 dicebas
1445 1118 1612 1176 negat
1636 1113 1897 1176 Epicurus

203 1188 610 1238 diuturnitatem
662 1189 885 1251 quidem
945 1189 1207 1250 temporis
1263 1187 1334 1237 ad
1387 1188 1547 1238 beate
1596 1188 1898 1238 vivendum

202 1261 408 1325 aliquid
443 1262 647 1321 afferre,
679 1277 782 1313 nec
811 1264 1078 1313 minorem
1103 1261 1446 1324 voluptatem
1473 1263 1676 1325 percipi
1702 1263 1756 1311 in
1781 1259 1899 1312 bre-

201 1337 369 1387 vitate
402 1338 679 1399 temporiS,
725 1351 891 1400 quarn
925 1338 970 1387 si
1011 1336 1102 1386 illa
1143 1337 1211 1386 sit
1243 1337 1588 1399 sempiterna.
1652 1336 1790 1387 haec
1821 1337 1899 1386 di-
1925 1346 1968 1382 15

203 1416 394 1460 cuntur
433 1412 949 1462 inconstantissime.
1014 1425 1137 1460 curn
1180 1412 1326 1461 enim
1367 1425 1643 1461 summum
1689 1411 1897 1461 bonum

202 1487 255 1534 in
288 1485 574 1548 voluptate
608 1490 792 1548 ponat,
831 1490 999 1549 negat
1038 1485 1250 1536 infinito
1290 1490 1538 1548 tempore
1579 1486 1771 1536 aetatis
1802 1499 1899 1536 vo-

202 1559 466 1622 luptatem
500 1560 614 1610 fieri
649 1562 913 1611 maiorem
948 1573 1114 1622 quam
1149 1559 1302 1610 finito
1330 1564 1495 1622 atque
1519 1559 1756 1610 modico.
1804 1561 1898 1622 qui

202 1634 410 1684 bonum
445 1648 610 1685 omne
650 1635 705 1684 in
737 1636 934 1684 virtute
975 1635 1144 1696 ponit,
1189 1635 1234 1683 is
1268 1638 1449 1696 potest
1492 1634 1673 1684 dicere
1713 1633 1898 1696 perfici

204 1708 422 1758 beatam
454 1710 624 1758 vitam
659 1709 992 1771 perfectione
1023 1709 1257 1766 virtutis;
1301 1713 1468 1772 negat
1501 1709 1647 1759 enim
1680 1722 1898 1759 summo
1921 1716 1969 1753 2⁰

203 1783 352 1833 bono
387 1783 577 1833 afferre
610 1785 1004 1834 incrementum
1039 1783 1200 1833 diem.
1264 1784 1356 1845 qui
1397 1787 1582 1833 autem
1613 1782 1899 1845 voluptate

202 1858 371 1906 vitam
417 1857 557 1907 effici
606 1858 823 1907 beatam
870 1857 1095 1919 putabit,
1139 1858 1232 1919 qui
1273 1857 1376 1906 sibi
1416 1858 1462 1906 is
1503 1857 1809 1915 conveniet,
1853 1858 1897 1906 si

202 1931 428 1993 negabit
465 1931 806 1993 voluptatem
853 1945 1092 1981 crescere
1137 1931 1574 1993 longinquitate?
1635 1931 1796 1994 igitur
1827 1945 1898 1981 ne

203 2005 451 2055 dolorem
485 2005 723 2068 quidem.
783 2019 853 2055 an
888 2005 1045 2056 dolor
1069 2005 1423 2068 longissimus
1456 2006 1691 2068 quisque
1714 2006 1900 2056 miser-

203 2080 384 2138 rimuS,
423 2080 765 2142 voluptatem
806 2094 918 2130 non
952 2079 1334 2142 optabiliorem
1375 2079 1697 2129 diuturnitas
1737 2079 1967 2130 facit22'5

203 2154 335 2215 quid
369 2159 451 2204 est
483 2155 657 2217 igitur,
692 2168 783 2204 cur
816 2155 890 2204 ita
922 2168 1139 2216 semper
1171 2153 1336 2204 deum
1370 2153 1611 2216 appellet
1635 2153 1896 2216 Epicurus

202 2227 424 2278 beatum
466 2234 519 2278 et
557 2231 876 2280 aeternum?
939 2228 1163 2290 dempta
1195 2229 1341 2278 enim
1375 2229 1694 2278 aeternitate
1723 2227 1894 2278 nihilo

202 2302 411 2353 beatior
442 2302 680 2365 Iuppiter
713 2316 879 2365 quam
913 2302 1197 2365 Epicurus;
1236 2307 1465 2365 uterque
1499 2303 1644 2352 enim
1677 2316 1894 2352 summo

202 2375 351 2427 bono
385 2376 584 2435 fruitur,
618 2377 673 2427 id
708 2381 789 2427 est
820 2377 1119 2439 voluptate.
1177 2370 1267 2427 ‘At
1299 2378 1445 2427 enim
1478 2376 1566 2426 hic
1602 2376 1766 2426 etiarn
1800 2375 1895 2426 do-

200 2445 348 2500 lore?
396 2449 468 2500 At
494 2465 620 2500 eum
646 2451 799 2500 nihili
826 2451 972 2509 facit;
1005 2452 1079 2501 ait
1113 2452 1258 2501 enim
1284 2464 1359 2509 se,
1392 2452 1437 2500 si
1462 2454 1658 2508 uratur,
1694 2444 1894 2505 ‘Quam
1917 2458 1965 2494 3ο

200 2523 306 2574 hoc
339 2520 552 2575 suavel'
600 2525 882 2576 dicturum.
939 2539 1048 2587 qua
1089 2526 1249 2588 igitur
1292 2539 1347 2575 re
1392 2524 1461 2574 ab
1503 2524 1609 2575 deo
1649 2525 1894 2582 vincitur,

273 2625 300 2664 2
334 2627 496 2666 beatus
529 2637 634 2667 esse
664 2626 800 2667 ENV
907 2627 933 2666 5
967 2627 1056 2668 dici
1089 2628 1159 2668 ed.
1199 2627 1366 2668 Veneta
1391 2631 1493 2667 1494
1533 2626 1638 2667 duci
1747 2625 1801 2665 12
1833 2624 1895 2665 At

198 2685 321 2725 enim
346 2685 396 2725 Ρ.
416 2685 542 2726 Μαη.
575 2686 745 2727 etenim
832 2683 1038 2735 dicebas]
1068 2698 1116 2737 p.
1133 2691 1199 2735 27,
1218 2690 1376 2726 19—21
1491 2685 1545 2726 13
1577 2695 1665 2725 nec
1697 2684 1893 2724 diuturn.

197 2743 718 2786 BEv-nee-diuturn.N
780 2745 831 2785 21
862 2745 985 2786 effici
1002 2746 1238 2795 voluptate
1256 2746 1438 2786 beatam
1451 2743 1650 2784 vitamA
1711 2742 1769 2783 26
1793 2744 1891 2792 epi-

198 2814 331 2845 curus
364 2803 568 2853 appellet
600 2805 785 2845 beatum
811 2803 849 2844 B
882 2804 1104 2854 Epicurus
1137 2805 1320 2845 beatum
1354 2803 1557 2853 appellet
1578 2802 1614 2844 13
1735 2801 1792 2842 28
1824 2803 1891 2842 iu-

199 2863 315 2910 piter
450 2862 508 2904 30
547 2863 678 2903 nihili
710 2865 814 2904 edd.
847 2863 961 2903 nihil
994 2860 1174 2914 (nichil)
1311 2874 1364 2904 se
1394 2862 1482 2904 RN
1491 2862 1545 2909 V,
1577 2872 1809 2912 super-scr.
1834 2860 1890 2907 A,

198 2931 287 2961 om.
320 2920 402 2961 BE
535 2923 573 2962 si
606 2925 757 2963 uratur
787 2915 944 2963 A²BE
976 2924 1015 2963 si
1047 2924 1214 2963 iuratur
1245 2917 1311 2963 Α1
1342 2923 1381 2962 si
1412 2925 1587 2962 uratum
1620 2920 1658 2962 R
1689 2931 1741 2962 se
1773 2921 1890 2960 iura-

197 2983 343 3019 turum
376 2980 467 3021 NV
588 2981 640 3022 31
678 2978 754 3030 ab]
788 2992 815 3021 a
847 2980 929 3021 BE
1819 2990 1821 2992 ’
