2046 3138
44 99 83 153 ἓ
107 101 283 144 95-99
560 94 646 141 DE
683 92 936 140 FINIBUS
970 91 1120 139 BON.
1154 91 1232 138 ET
1265 90 1418 138 MAL.
1774 99 1841 147 77

143 242 345 289 mortes
371 241 498 287 sunt
523 236 926 299 imperatoriae;
961 233 1278 297 philosophi
1307 237 1491 283 autem
1519 233 1573 282 in
1600 232 1713 282 suis
1740 231 1845 282 lec-

143 312 268 363 tulis
310 311 633 375 plerumque
674 310 989 361 moriuntur.
1053 308 1211 359 refert
1255 313 1455 366 tamen,
1501 320 1612 370 quo
1659 306 1843 357 modo.

145 380 409 448 (beatus)
441 386 545 439 sibi
569 385 785 435 videtur
811 397 934 435 esse
962 384 1217 434 moriens,
1251 396 1456 445 magna
1480 382 1615 432 laus,
1665 376 1845 432 ‘Com-

145 455 511 524 pensabatur',
559 461 749 523 inquit,
800 454 943 508 ‘cum
992 459 1222 509 summis
1271 457 1555 508 doloribus
1604 451 1842 507 laetitia.’

96 547 121 582 5
146 535 329 586 Audio
372 535 630 598 equidem
672 533 988 596 philosophi
1027 546 1240 591 vocem,
1285 531 1528 594 Epicure,
1570 531 1668 582 sed
1710 531 1842 594 quid
1877 533 1933 576 98

143 611 238 660 tibi
265 609 559 660 dicendum
586 610 654 659 sit
679 608 881 659 oblitus
909 622 982 658 eS.
1034 609 1270 670 primum
1297 607 1458 666 enim,
1492 608 1537 656 si
1561 619 1693 657 vera
1718 611 1845 656 sunt

144 698 223 742 ea,
266 698 499 747 quorum
543 683 921 733 recordatione
962 687 1015 732 te
1048 681 1290 745 gaudere
1323 681 1474 739 dicis,
1514 681 1622 732 hoc
1662 686 1757 739 est,
1798 681 1844 731 si

5 812 7 827 A
141 773 272 809 vera
314 763 441 808 sunt
483 762 578 807 tua
617 758 816 820 scripta
860 762 913 807 et
951 758 1189 815 inventa,
1234 756 1476 820 gaudere
1516 769 1630 807 non
1671 760 1844 818 poteS.

0 831 7 875 Γ
143 833 276 883 nihil
303 834 448 884 enim
474 834 583 882 iam
609 832 797 890 habeS,
823 831 975 894 quod
994 831 1063 881 ad
1088 845 1285 893 corpus
1311 830 1532 888 referas;
1560 835 1642 880 est
1659 835 1844 880 autem

0 927 5 968 l
71 917 120 953 10
145 921 178 957 a
210 913 262 958 te
295 921 511 970 semper
545 907 749 956 dictum
779 920 882 957 nec
913 906 1156 969 gaudere
1189 919 1527 968 quemquam
1553 905 1658 955 nisi
1685 919 1844 967 prop-

3 976 5 1034 ἔ
143 988 221 1033 ter
265 995 462 1044 corpus
507 995 611 1032 nec
657 980 857 1031 dolere.
925 976 1284 1039 ‘Praeteritis',
1330 981 1519 1043 inquit,
1567 974 1842 1043 ‘gaudeo'

145 1055 490 1111 Quibusnam
524 1057 861 1118 praeteritis?
911 1057 955 1105 si
989 1055 1059 1104 ad
1087 1069 1285 1117 corpus
1320 1055 1732 1117 pertinentibuS,
1765 1068 1846 1104 ra-

0 1139 3 1203 !
143 1132 320 1182 tiones
364 1135 485 1181 tuas
529 1135 583 1181 te
614 1130 780 1181 video
824 1143 1183 1192 compensare
1224 1143 1348 1179 cum
1389 1130 1505 1179 istis
1547 1129 1846 1187 doloribus

0 1211 2 1228 s
143 1219 256 1257 non
299 1206 621 1256 memoriam
663 1218 890 1267 corpore
931 1209 1309 1267 perceptarum
1348 1203 1720 1266 voluptatum;
1762 1205 1845 1253 sin

72 1289 121 1326 15
144 1285 327 1331 autem
354 1280 424 1330 ad
451 1281 711 1338 animum,
744 1279 943 1329 falsum
971 1284 1066 1338 est,
1100 1279 1252 1342 quod
1278 1292 1451 1341 negas
1478 1279 1646 1328 animi
1672 1278 1857 1346 ullum?

145 1369 267 1405 esse
284 1354 563 1418 gaudium,
590 1354 741 1417 quod
766 1368 880 1405 non
905 1354 1162 1404 referatur
1179 1353 1250 1403 ad
1277 1367 1490 1416 corpus,
1534 1367 1627 1403 cur
1645 1353 1847 1404 deinde

143 1428 438 1480 Metrodori
478 1429 679 1480 liberos
714 1429 1110 1480 commendas?
1158 1428 1290 1491 quid
1322 1422 1450 1489 (in)
1482 1429 1587 1479 isto
1624 1429 1846 1491 egregio

144 1509 239 1555 tuo
285 1503 466 1555 officio
513 1508 566 1554 et
609 1508 760 1554 tanta
803 1503 913 1554 fide
955 1528 1026 1536 —
1068 1504 1146 1552 sic
1190 1504 1336 1553 enim
1384 1503 1637 1554 existimo
1673 1527 1744 1537 —·
1778 1503 1848 1552 ad

146 1592 343 1640 corpus
376 1578 580 1629 refers?
1870 1616 1932 1666 31

74 1661 123 1698 20
222 1651 344 1703 Huc
369 1657 422 1703 et
446 1652 588 1711 illue,
622 1652 911 1715 Torquate,
943 1666 1047 1703 vos
1072 1652 1300 1702 versetis
1331 1651 1470 1710 licet,
1504 1652 1638 1702 nihil
1665 1653 1720 1703 in
1747 1652 1850 1702 hac
1884 1687 1941 1728 99

146 1727 422 1789 praeclara
462 1727 697 1790 epistula
741 1729 1000 1790 scriptum
1045 1727 1115 1776 ab
1160 1725 1392 1789 Epicuro
1439 1740 1748 1790 congruens
1798 1732 1851 1778 et

145 1803 483 1852 conveniens
509 1802 740 1852 decretis
767 1803 884 1852 eius
914 1802 1208 1864 reperietis,
1264 1803 1339 1851 ita
1363 1801 1705 1865 redarguitur
1731 1803 1851 1864 ipse

145 1890 179 1926 a
210 1890 347 1935 sese,
381 1877 890 1939 convincunturque
916 1877 1115 1939 scripta
1144 1876 1262 1926 eius
1288 1876 1559 1938 probitate
1585 1877 1759 1939 ipsius
1786 1890 1851 1926 ac

146 1951 404 2001 moribuS.
466 1965 595 2001 nam
635 1952 739 2001 ista
780 1951 1188 2002 commendatio
1232 1964 1540 2013 puerorum,
1582 1952 1852 2002 memoria

77 2035 124 2071 25
148 2030 200 2075 et
233 2027 424 2076 caritas
457 2027 744 2084 amicitiae,
785 2039 1125 2076 summorum
1168 2025 1473 2076 officiorum
1508 2027 1563 2075 in
1606 2031 1850 2076 extremo

149 2101 338 2162 spiritu
371 2101 715 2151 conservatio
749 2100 953 2150 indicat
984 2101 1229 2150 innatam
1272 2114 1395 2150 esse
1428 2100 1638 2150 homini
1673 2101 1852 2162 probi-

150 2179 316 2225 tatem
349 2175 654 2238 gratuitam,
686 2189 800 2226 non
834 2176 1118 2225 invitatam
1151 2174 1530 2236 voluptatibus
1563 2188 1667 2225 nec
1700 2189 1852 2237 prae-

150 2250 383 2300 miorum
409 2249 753 2300 mercedibus
781 2254 1082 2301 evocatam.
1133 2249 1283 2311 quod
1311 2249 1457 2298 enim
1476 2250 1851 2300 testimonium

150 2324 327 2374 maius
362 2325 690 2387 quaerimUS,
724 2338 868 2387 quae
900 2324 1135 2374 honesta
1161 2328 1213 2373 et
1246 2328 1392 2373 recta
1425 2325 1546 2382 sint,
1579 2325 1702 2386 ipsa
1728 2338 1852 2374 esse

81 2398 415 2459 aooptabilia
463 2412 558 2461 per
602 2412 739 2457 sese,
796 2413 920 2448 cum
964 2398 1254 2448 videamus
1310 2402 1461 2447 tanta
1509 2398 1690 2449 officia
1737 2413 1853 2449 mo-

152 2473 375 2522 rientis?

227 2635 253 2675 3
286 2636 397 2675 add.
422 2634 547 2675 Mdv.
669 2635 910 2676 videbatur
940 2634 1025 2675 BE
1134 2634 1188 2675 17
1222 2636 1334 2676 add.
1359 2635 1483 2676 Mdv.
1518 2630 1618 2683 (ex
1650 2637 1854 2685 addidit,

152 2695 337 2745 opinor,
362 2694 414 2735 A.
439 2694 567 2735 Man.
608 2693 674 2734 Ex
699 2690 831 2744 (de'2)
860 2706 924 2735 an
948 2695 995 2734 in
1021 2690 1145 2744 (cum
1171 2697 1262 2734 tam
1289 2694 1502 2736 officiose
1528 2691 1648 2744 agis)
1675 2696 1855 2736 adden-

153 2755 264 2794 dum
288 2754 434 2804 fuerit
456 2755 671 2796 dubitari
697 2749 877 2804 potest'
905 2754 1029 2795 Mdv.
1061 2755 1146 2795 sed
1169 2753 1184 2794 i
1214 2757 1326 2795 ante
1354 2755 1442 2795 isto
1467 2755 1658 2805 facilius
1683 2756 1857 2795 excidit

153 2824 295 2863 quam
329 2810 405 2864 ex)
499 2813 551 2853 21
588 2815 807 2863 scriptum
833 2813 1032 2863 epistula
1064 2810 1192 2863 (epla
1215 2811 1273 2863 B)
1306 2813 1389 2853 BE
1483 2813 1539 2854 22
1573 2814 1856 2864 redarguitur

153 2873 258 2913 edd.
284 2873 579 2923 redarguetur
684 2872 741 2914 23
773 2870 895 2922 sese]
930 2884 982 2914 se
1007 2872 1050 2914 A
1156 2874 1585 2923 convincunturque
1609 2872 1729 2914 Dav.
1755 2874 1854 2914 vin-

155 2934 409 2982 cunturque
442 2931 626 2973 ABEN
658 2933 901 2973 vincuntur
931 2932 973 2973 V
1004 2935 1259 2974 veneantur
1291 2943 1382 2982 que
1414 2932 1452 2973 R
