2046 3138
6 161 54 221 ’ὃ
82 163 257 205 67-73
536 157 622 204 DE
655 156 908 204 FINIBUS
942 156 1092 204 BON.
1127 157 1204 203 ET
1237 157 1389 204 MAL.
1717 165 1817 214 117

117 301 242 352 citia
286 301 377 351 alii
423 300 607 351 dicant
650 313 829 363 aeque
875 313 1054 350 caram
1101 313 1224 350 esse
1273 299 1507 362 sapienti
1553 299 1819 350 rationem

115 376 278 426 amici
312 389 376 426 ac
408 389 580 434 suam,
622 374 712 424 alii
755 379 938 426 autem
973 375 1075 424 sibi
1111 375 1309 437 cuique
1350 375 1612 426 cariorem
1647 387 1820 432 suam,

115 456 300 501 tamen
342 450 396 500 hi
431 463 656 513 quoque
701 451 1029 512 posteriores
1071 450 1304 500 fatentur
1344 449 1584 500 alienum
1632 463 1754 499 esse
1788 462 1821 498 a

116 526 334 584 iustitia,
379 525 450 575 ad
485 538 650 587 quam
694 525 806 574 nati
854 539 976 575 esse
1017 524 1317 583 videamur,
1366 523 1650 575 detrahere
1687 523 1820 586 quid

67 613 91 647 5
117 601 187 651 de
220 600 421 663 aliquo,
465 599 617 662 quod
659 600 762 649 sibi
804 599 1073 650 adsumat,
1137 600 1362 650 minime
1395 613 1527 650 vero
1563 598 1822 661 probatur

115 675 243 725 huic
276 674 614 737 disciplinae,
649 674 718 725 de
753 689 863 737 qua
896 674 1105 737 loquor,
1141 679 1234 724 aut
1267 674 1526 724 iustitiam
1562 678 1656 723 aut
1689 674 1821 723 ami-

115 751 296 801 citiam
332 754 550 812 propter
590 749 848 800 utilitates
883 749 1114 799 adscisci
1156 753 1250 798 aut
1293 749 1523 811 probari.
1589 748 1820 798 eaedem

115 825 261 876 enim
303 824 562 875 utilitates
604 829 859 886 poterunt
901 838 995 874 eas
1038 823 1366 874 labefactare
1400 828 1565 886 atque
1609 837 1821 885 perver-

114 904 238 951 tere.
288 900 491 950 etenim
525 913 628 949 nec
661 899 864 949 iustitia
897 913 999 949 nec
1032 899 1272 948 amicitia
1299 912 1421 948 esse
1448 898 1675 948 omnino
1704 902 1821 960 pot-

46 987 89 1022 ιο
114 979 282 1033 erunt,
316 975 419 1024 nisi
453 975 608 1036 ipsae
643 988 737 1036 per
769 988 829 1024 se
864 978 1203 1036 expetuntur.

187 1049 274 1100 Ius
309 1053 508 1107 autem,
543 1048 694 1111 quod
729 1049 804 1098 ita
832 1048 938 1098 dici
972 1047 1349 1111 appellarique
1384 1048 1572 1110 possit,
1606 1048 1661 1098 id
1696 1062 1819 1099 esse
1855 1055 1905 1096 71

112 1129 320 1183 natura,
353 1123 709 1186 alienumque
744 1137 866 1174 esse
897 1126 929 1172 a'
954 1124 1205 1186 sapiente
1230 1137 1343 1173 non
1369 1123 1539 1173 modo
1566 1124 1818 1174 iniuriam

114 1200 199 1249 cui
233 1199 424 1257 facere,
465 1212 655 1248 verum
699 1199 862 1249 etiam
904 1212 1117 1249 nocere.
1181 1212 1284 1248 nec
1316 1212 1448 1248 vero
1490 1203 1694 1248 rectum
1738 1202 1820 1248 est

113 1288 237 1324 cum
272 1274 462 1324 amicis
497 1277 590 1323 aut
620 1273 763 1323 bene
788 1274 992 1324 meritis
1019 1274 1338 1324 consociare
1365 1278 1458 1323 aut
1484 1274 1817 1337 coniungere

45 1362 88 1397 15
114 1349 379 1407 iniuriam,
420 1349 856 1412 gravissimeque
897 1353 951 1399 et
989 1349 1274 1399 verissime
1315 1348 1623 1398 defenditur
1662 1363 1818 1398 num-

114 1438 280 1486 quam
321 1425 655 1487 aequitatem
698 1423 767 1473 ab
809 1423 1039 1474 utilitate
1081 1437 1248 1486 posse
1289 1423 1519 1487 seiungi,
1563 1427 1630 1482 et,
1672 1424 1820 1486 quic-

113 1499 244 1561 quid
287 1512 526 1562 aequum
562 1499 877 1561 iustumque
912 1503 1070 1557 esset,
1117 1498 1172 1548 id
1215 1499 1378 1549 etiam
1414 1498 1708 1549 honestum
1741 1499 1819 1548 vi-

112 1574 422 1637 cissimque,
465 1573 726 1636 quicquid
769 1578 914 1624 esset
954 1574 1265 1632 honestum,
1311 1573 1366 1623 id
1407 1574 1611 1627 iustum
1654 1573 1818 1624 etiam

111 1652 276 1711 atque
310 1662 549 1711 aequum
583 1648 712 1699 fore.

42 1736 88 1771 20
186 1723 274 1773 Ad
294 1737 500 1786 easque
517 1724 757 1782 virtuteS,
785 1723 855 1774 de
875 1723 1074 1786 quibus
1095 1723 1434 1785 disputatum
1455 1727 1551 1782 est,
1579 1722 1819 1774 dialecti-
1853 1724 1909 1764 72

112 1812 231 1848 cam
267 1799 430 1849 etiam
465 1798 774 1861 adiungunt
807 1803 859 1848 et
901 1798 1200 1861 physicam,
1242 1811 1449 1861 easque
1490 1798 1683 1848 ambas
1715 1798 1819 1848 vir-

111 1878 287 1923 tutum
314 1874 540 1924 nomine
566 1873 861 1936 appellant,
885 1873 1125 1931 alteram,
1145 1873 1295 1935 quod
1315 1873 1517 1924 habeat
1534 1873 1818 1932 rationem,

110 1963 180 1998 ne
215 1949 300 1998 cui
343 1948 480 1999 falso
516 1948 890 1998 adsentiamur
929 1962 1071 1999 neve
1116 1961 1382 2010 umquam
1417 1949 1665 2011 captiosa
1698 1962 1819 2011 pro-

112 2023 393 2073 babilitate
427 2022 690 2081 fallamur,
734 2036 926 2085 eaque,
968 2037 1111 2085 quae
1145 2022 1215 2073 de
1257 2023 1418 2073 bonis
1454 2027 1506 2073 et
1546 2022 1705 2073 malis
1741 2023 1818 2073 di-

42 2109 86 2145 25
113 2098 419 2156 dicerimuS,
452 2102 511 2148 ut
543 2102 728 2148 tenere
762 2098 1010 2160 tuerique
1045 2097 1337 2160 possimus,
1398 2111 1526 2147 nam
1561 2099 1681 2148 sine
1714 2097 1818 2148 hac

111 2177 223 2223 arte
258 2173 511 2235 quemvis
545 2172 866 2222 arbitrantur
899 2186 932 2221 a
963 2186 1095 2223 vero
1130 2172 1330 2222 abduci
1364 2172 1588 2236 fallique
1635 2187 1815 2235 posse.

110 2252 253 2298 recte
286 2248 461 2311 igitur,
496 2247 541 2297 si
576 2247 833 2297 omnibus
860 2247 914 2296 in
940 2247 1102 2297 rebus
1129 2248 1403 2298 temeritas
1430 2248 1815 2311 ignoratioque

109 2323 311 2374 vitiosa
336 2326 432 2381 est,
466 2336 551 2372 ars
578 2335 658 2380 ea,
692 2335 836 2384 quae
861 2321 1001 2372 tollit
1026 2322 1177 2380 haec,
1209 2322 1378 2372 virtus
1408 2323 1694 2373 nominata
1719 2327 1814 2374 est.
1834 2350 1904 2399 22

112 2397 373 2461 physicae
407 2411 631 2460 quoque
665 2411 778 2447 non
812 2398 931 2447 sine
966 2410 1134 2447 causa
1166 2397 1395 2447 tributus
1429 2397 1576 2448 idem
1612 2402 1694 2447 est
1719 2397 1815 2448 ho·
1850 2423 1905 2464 73

41 2483 87 2519 3ο
111 2486 228 2531 ηοε,
265 2477 552 2535 propterea
586 2472 751 2534 quod,
786 2472 879 2534 qui
906 2472 1295 2522 convenienter
1320 2476 1547 2523 naturae
1571 2473 1812 2523 victurus

183 2649 211 2690 9
244 2651 415 2691 iustitia
447 2661 534 2691 nec
560 2651 760 2690 amicitia
784 2650 908 2691 Mdv.
941 2650 1121 2691 iusticie
1153 2661 1240 2691 nec
1266 2651 1475 2692 amIcIcie
1598 2652 1814 2700 poterunt

110 2720 214 2750 esse
256 2711 446 2751 omnino
490 2709 573 2750 BE
713 2710 768 2750 10
811 2712 1084 2759 expetantur
1114 2710 1188 2752 Vv
1295 2710 1349 2751 12
1395 2714 1555 2751 natura
1593 2711 1643 2751 Ρ.
1669 2710 1816 2759 Man„

109 2769 266 2810 Lamb.
309 2772 516 2810 naturam
675 2770 972 2819 alienumque
1007 2769 1049 2810 V
1095 2772 1142 2810 et
1184 2766 1323 2820 (corr.
1354 2772 1516 2822 priore
1555 2782 1584 2810 u
1625 2770 1687 2811 ab
1727 2770 1813 2811 alt.

110 2825 190 2878 m.)
222 2829 263 2870 N
296 2829 590 2879 alienamque
739 2829 793 2870 14
826 2830 1004 2870 sociare
1036 2829 1118 2870 BE
1265 2829 1319 2870 15
1351 2830 1622 2880 gravissime
1655 2832 1699 2870 et
1731 2829 1813 2870 BE

184 2888 243 2930 24
275 2889 570 2931 didicerimus
601 2889 684 2930 BE
717 2890 1023 2931 didiceremus
1048 2889 1090 2930 A
1124 2890 1380 2931 diceremus
1411 2889 1550 2931 RNV
1657 2889 1713 2929 25
1746 2892 1813 2930 te*

110 2949 207 3050 geri
249 2948 344 3050 gg
390 2960 450 2990 ne
498 2949 581 2992 BE
732 2948 790 2991 26
837 2950 1048 3000 quamvis
1087 2949 1217 2991 RBE
1361 2949 1418 2990 29
1460 2946 1665 3001 quoque]
1712 2950 1812 3001 qui-

143 3018 214 3051 em
