<?xml version="1.0" encoding="UTF-8"?>
<!DOCTYPE html PUBLIC "-//W3C//DTD XHTML 1.0 Transitional//EN"
    "http://www.w3.org/TR/xhtml1/DTD/xhtml1-transitional.dtd">
<html xmlns="http://www.w3.org/1999/xhtml" xml:lang="en" lang="en">
 <head>
  <title>
</title>
<meta http-equiv="Content-Type" content="text/html;charset=utf-8" />
  <meta name='ocr-system' content='tesseract 3.04.00' />
  <meta name='ocr-capabilities' content='ocr_page ocr_carea ocr_par ocr_line ocrx_word'/>
</head>
<body>
  <div class='ocr_page' id='page_1' title='image "./p1scriptaquaeman13ciceuoft_0132.png"; bbox 0 0 2046 3138; ppageno 0'>
   <div class='ocr_carea' id='block_1_1' title="bbox 160 762 231 874">
    <p class='ocr_par' dir='ltr' id='par_1_1' title="bbox 160 762 231 874">
     <span class='ocr_line' id='line_1_1' title="bbox 167 762 231 811; baseline 0.016 -1"><span class='ocrx_word' id='word_1_1' title='bbox 167 762 231 811; x_wconf 91' lang='lat'>18</span> 
     </span>
     <span class='ocr_line' id='line_1_2' title="bbox 160 834 217 874; baseline 0.018 -1"><span class='ocrx_word' id='word_1_2' title='bbox 160 834 217 874; x_wconf 85' lang='lat'>59</span> 
     </span>
    </p>
   </div>
   <div class='ocr_carea' id='block_1_2' title="bbox 258 139 2041 210">
    <p class='ocr_par' dir='ltr' id='par_1_2' title="bbox 258 139 2041 210">
     <span class='ocr_line' id='line_1_3' title="bbox 258 139 2041 210; baseline 0 -21"><span class='ocrx_word' id='word_1_3' title='bbox 258 150 360 199; x_wconf 66' lang='lat'>1‘12</span> <span class='ocrx_word' id='word_1_4' title='bbox 460 207 462 210; x_wconf 14' lang='grc' dir='ltr'><strong>Υ</strong></span> <span class='ocrx_word' id='word_1_5' title='bbox 678 140 764 186; x_wconf 90' lang='lat' dir='ltr'>DE</span> <span class='ocrx_word' id='word_1_6' title='bbox 796 139 1050 187; x_wconf 88' lang='lat' dir='ltr'>FINIBUS</span> <span class='ocrx_word' id='word_1_7' title='bbox 1083 140 1233 187; x_wconf 89' lang='lat' dir='ltr'>BON.</span> <span class='ocrx_word' id='word_1_8' title='bbox 1266 141 1345 187; x_wconf 93' lang='lat' dir='ltr'>ET</span> <span class='ocrx_word' id='word_1_9' title='bbox 1378 141 1530 188; x_wconf 80' lang='lat' dir='ltr'>MAL.</span> <span class='ocrx_word' id='word_1_10' title='bbox 1631 147 2041 189; x_wconf 79' lang='lat' dir='ltr'>Lib.111c.17—19</span> 
     </span>
    </p>
   </div>
   <div class='ocr_carea' id='block_1_3' title="bbox 252 283 1948 420">
    <p class='ocr_par' dir='ltr' id='par_1_3' title="bbox 252 283 1948 420">
     <span class='ocr_line' id='line_1_4' title="bbox 252 283 1948 346; baseline 0.001 -13"><span class='ocrx_word' id='word_1_11' title='bbox 252 284 317 334; x_wconf 92' lang='lat' dir='ltr'>iis</span> <span class='ocrx_word' id='word_1_12' title='bbox 351 283 527 341; x_wconf 85' lang='lat' dir='ltr'>rebuS,</span> <span class='ocrx_word' id='word_1_13' title='bbox 562 296 706 345; x_wconf 92' lang='lat' dir='ltr'>quae</span> <span class='ocrx_word' id='word_1_14' title='bbox 733 284 915 345; x_wconf 87' lang='lat' dir='ltr'>neque</span> <span class='ocrx_word' id='word_1_15' title='bbox 948 283 1003 332; x_wconf 94' lang='lat' dir='ltr'>in</span> <span class='ocrx_word' id='word_1_16' title='bbox 1028 283 1315 333; x_wconf 84' lang='lat' dir='ltr'>virtutibus</span> <span class='ocrx_word' id='word_1_17' title='bbox 1349 288 1474 333; x_wconf 90' lang='lat' dir='ltr'>sunt</span> <span class='ocrx_word' id='word_1_18' title='bbox 1503 285 1763 346; x_wconf 89' lang='lat' dir='ltr'>nequein</span> <span class='ocrx_word' id='word_1_19' title='bbox 1789 286 1948 343; x_wconf 90' lang='lat' dir='ltr'>vitiis,</span> 
     </span>
     <span class='ocr_line' id='line_1_5' title="bbox 254 356 1947 420; baseline 0.001 -13"><span class='ocrx_word' id='word_1_20' title='bbox 254 362 335 408; x_wconf 92' lang='lat' dir='ltr'>est</span> <span class='ocrx_word' id='word_1_21' title='bbox 375 363 559 407; x_wconf 91' lang='lat' dir='ltr'>tamen</span> <span class='ocrx_word' id='word_1_22' title='bbox 595 356 893 419; x_wconf 67' lang='lat' dir='ltr'>quiddam,¹</span> <span class='ocrx_word' id='word_1_23' title='bbox 919 357 1224 420; x_wconf 90' lang='lat' dir='ltr'>quodusui</span> <span class='ocrx_word' id='word_1_24' title='bbox 1259 359 1433 419; x_wconf 85' lang='lat' dir='ltr'>possit</span> <span class='ocrx_word' id='word_1_25' title='bbox 1467 372 1603 417; x_wconf 90' lang='lat' dir='ltr'>esse,</span> <span class='ocrx_word' id='word_1_26' title='bbox 1644 358 1947 410; x_wconf 89' lang='lat' dir='ltr'>tollendum</span> 
     </span>
    </p>
   </div>
   <div class='ocr_carea' id='block_1_4' title="bbox 242 424 1948 496">
    <p class='ocr_par' dir='ltr' id='par_1_4' title="bbox 242 424 1948 496">
     <span class='ocr_line' id='line_1_6' title="bbox 242 424 1948 496; baseline 0.002 -14"><span class='ocrx_word' id='word_1_27' title='bbox 242 424 306 482; x_wconf 67' lang='lat' dir='ltr'>&#39;id</span> <span class='ocrx_word' id='word_1_28' title='bbox 340 446 452 482; x_wconf 92' lang='lat' dir='ltr'>non</span> <span class='ocrx_word' id='word_1_29' title='bbox 488 437 582 482; x_wconf 91' lang='lat' dir='ltr'>est.</span> <span class='ocrx_word' id='word_1_30' title='bbox 640 436 721 482; x_wconf 91' lang='lat' dir='ltr'>est</span> <span class='ocrx_word' id='word_1_31' title='bbox 754 436 953 482; x_wconf 73' lang='lat' dir='ltr'>autemv</span> <span class='ocrx_word' id='word_1_32' title='bbox 974 433 1090 482; x_wconf 91' lang='lat' dir='ltr'>eius</span> <span class='ocrx_word' id='word_1_33' title='bbox 1124 433 1339 495; x_wconf 87' lang='lat' dir='ltr'>generis</span> <span class='ocrx_word' id='word_1_34' title='bbox 1366 434 1507 483; x_wconf 89' lang='lat' dir='ltr'>actio</span> <span class='ocrx_word' id='word_1_35' title='bbox 1535 447 1758 496; x_wconf 92' lang='lat' dir='ltr'>quoque</span> <span class='ocrx_word' id='word_1_36' title='bbox 1784 448 1948 496; x_wconf 91' lang='lat' dir='ltr'>quae-</span> 
     </span>
    </p>
   </div>
   <div class='ocr_carea' id='block_1_5' title="bbox 250 505 2016 868">
    <p class='ocr_par' dir='ltr' id='par_1_5' title="bbox 250 505 2016 792">
     <span class='ocr_line' id='line_1_7' title="bbox 252 505 1949 571; baseline 0.002 -15"><span class='ocrx_word' id='word_1_37' title='bbox 252 507 394 565; x_wconf 86' lang='lat' dir='ltr'>dam,</span> <span class='ocrx_word' id='word_1_38' title='bbox 429 511 482 557; x_wconf 93' lang='lat' dir='ltr'>et</span> <span class='ocrx_word' id='word_1_39' title='bbox 515 505 739 568; x_wconf 91' lang='lat' dir='ltr'>quidem</span> <span class='ocrx_word' id='word_1_40' title='bbox 771 505 908 565; x_wconf 86' lang='lat' dir='ltr'>talis,</span> <span class='ocrx_word' id='word_1_41' title='bbox 942 511 1000 556; x_wconf 92' lang='lat' dir='ltr'>ut</span> <span class='ocrx_word' id='word_1_42' title='bbox 1032 507 1167 557; x_wconf 92' lang='lat' dir='ltr'>ratio</span> <span class='ocrx_word' id='word_1_43' title='bbox 1203 507 1442 569; x_wconf 84' lang='lat' dir='ltr'>postulet</span> <span class='ocrx_word' id='word_1_44' title='bbox 1467 521 1630 571; x_wconf 88' lang='lat' dir='ltr'>agere</span> <span class='ocrx_word' id='word_1_45' title='bbox 1662 508 1868 571; x_wconf 90' lang='lat' dir='ltr'>aliquid</span> <span class='ocrx_word' id='word_1_46' title='bbox 1896 515 1949 560; x_wconf 91' lang='lat' dir='ltr'>et</span> 
     </span>
     <span class='ocr_line' id='line_1_8' title="bbox 251 580 2016 643; baseline -0.001 -12"><span class='ocrx_word' id='word_1_47' title='bbox 251 581 428 631; x_wconf 83' lang='lat' dir='ltr'>facere</span> <span class='ocrx_word' id='word_1_48' title='bbox 452 595 657 631; x_wconf 92' lang='lat' dir='ltr'>eorum.</span> <span class='ocrx_word' id='word_1_49' title='bbox 692 580 842 643; x_wconf 94' lang='lat' dir='ltr'>quod</span> <span class='ocrx_word' id='word_1_50' title='bbox 865 585 1048 631; x_wconf 91' lang='lat' dir='ltr'>autem</span> <span class='ocrx_word' id='word_1_51' title='bbox 1074 582 1284 632; x_wconf 91' lang='lat' dir='ltr'>ratione</span> <span class='ocrx_word' id='word_1_52' title='bbox 1303 587 1484 632; x_wconf 91' lang='lat' dir='ltr'>actum</span> <span class='ocrx_word' id='word_1_53' title='bbox 1511 588 1605 641; x_wconf 91' lang='lat' dir='ltr'>est,</span> <span class='ocrx_word' id='word_1_54' title='bbox 1631 583 1686 632; x_wconf 94' lang='lat' dir='ltr'>id</span> <span class='ocrx_word' id='word_1_55' title='bbox 1705 583 1945 634; x_wconf 82' lang='lat' dir='ltr'>officium</span> <span class='ocrx_word' id='word_1_56' title='bbox 1992 595 2016 629; x_wconf 89' lang='lat'>5</span> 
     </span>
     <span class='ocr_line' id='line_1_9' title="bbox 251 655 1948 720; baseline 0.002 -15"><span class='ocrx_word' id='word_1_57' title='bbox 251 655 610 718; x_wconf 81' lang='lat' dir='ltr'>appellamus,</span> <span class='ocrx_word' id='word_1_58' title='bbox 667 659 749 705; x_wconf 89' lang='lat' dir='ltr'>est</span> <span class='ocrx_word' id='word_1_59' title='bbox 780 655 940 718; x_wconf 87' lang='lat' dir='ltr'>igitur</span> <span class='ocrx_word' id='word_1_60' title='bbox 974 655 1215 705; x_wconf 80' lang='lat' dir='ltr'>officium</span> <span class='ocrx_word' id='word_1_61' title='bbox 1249 657 1366 706; x_wconf 90' lang='lat' dir='ltr'>eius</span> <span class='ocrx_word' id='word_1_62' title='bbox 1399 658 1629 720; x_wconf 88' lang='lat' dir='ltr'>generis,</span> <span class='ocrx_word' id='word_1_63' title='bbox 1663 658 1813 720; x_wconf 93' lang='lat' dir='ltr'>quod</span> <span class='ocrx_word' id='word_1_64' title='bbox 1846 671 1948 709; x_wconf 89' lang='lat' dir='ltr'>nec</span> 
     </span>
     <span class='ocr_line' id='line_1_10' title="bbox 250 730 1612 792; baseline 0.001 -12"><span class='ocrx_word' id='word_1_65' title='bbox 250 731 305 780; x_wconf 93' lang='lat' dir='ltr'>in</span> <span class='ocrx_word' id='word_1_66' title='bbox 340 730 501 781; x_wconf 91' lang='lat' dir='ltr'>bonis</span> <span class='ocrx_word' id='word_1_67' title='bbox 536 734 770 792; x_wconf 85' lang='lat' dir='ltr'>ponatur</span> <span class='ocrx_word' id='word_1_68' title='bbox 801 743 904 780; x_wconf 91' lang='lat' dir='ltr'>nec</span> <span class='ocrx_word' id='word_1_69' title='bbox 940 730 995 779; x_wconf 93' lang='lat' dir='ltr'>in</span> <span class='ocrx_word' id='word_1_70' title='bbox 1030 731 1323 781; x_wconf 85' lang='lat' dir='ltr'>contrariiS.</span> <span class='ocrx_word' id='word_1_71' title='bbox 1607 765 1612 767; x_wconf 54' lang='lat'><em>&gt;</em></span> 
     </span>
    </p>

    <p class='ocr_par' dir='ltr' id='par_1_6' title="bbox 324 804 1948 868">
     <span class='ocr_line' id='line_1_11' title="bbox 324 804 1948 868; baseline 0.002 -14"><span class='ocrx_word' id='word_1_72' title='bbox 324 804 506 868; x_wconf 85' lang='lat' dir='ltr'><strong>Atque</strong></span> <span class='ocrx_word' id='word_1_73' title='bbox 542 805 890 867; x_wconf 91' lang='lat' dir='ltr'>perspicuum</span> <span class='ocrx_word' id='word_1_74' title='bbox 925 806 1089 855; x_wconf 90' lang='lat' dir='ltr'>etiam</span> <span class='ocrx_word' id='word_1_75' title='bbox 1122 804 1255 854; x_wconf 92' lang='lat' dir='ltr'>illud</span> <span class='ocrx_word' id='word_1_76' title='bbox 1291 809 1385 863; x_wconf 90' lang='lat' dir='ltr'>est,</span> <span class='ocrx_word' id='word_1_77' title='bbox 1420 805 1475 855; x_wconf 94' lang='lat' dir='ltr'>in</span> <span class='ocrx_word' id='word_1_78' title='bbox 1508 805 1623 855; x_wconf 89' lang='lat' dir='ltr'>istis</span> <span class='ocrx_word' id='word_1_79' title='bbox 1649 806 1810 857; x_wconf 91' lang='lat' dir='ltr'>rebus</span> <span class='ocrx_word' id='word_1_80' title='bbox 1837 821 1948 857; x_wconf 88' lang='lat' dir='ltr'>me-</span> 
     </span>
    </p>
   </div>
   <div class='ocr_carea' id='block_1_6' title="bbox 201 878 1946 944">
    <p class='ocr_par' dir='ltr' id='par_1_7' title="bbox 201 878 1946 944">
     <span class='ocr_line' id='line_1_12' title="bbox 201 878 1946 944; baseline 0.001 -15"><span class='ocrx_word' id='word_1_81' title='bbox 201 902 206 904; x_wconf 92' lang='lat'>·</span> <span class='ocrx_word' id='word_1_82' title='bbox 250 879 352 929; x_wconf 93' lang='lat' dir='ltr'>diis</span> <span class='ocrx_word' id='word_1_83' title='bbox 387 878 594 942; x_wconf 91' lang='lat' dir='ltr'>aliquid</span> <span class='ocrx_word' id='word_1_84' title='bbox 628 892 791 942; x_wconf 86' lang='lat' dir='ltr'>agere</span> <span class='ocrx_word' id='word_1_85' title='bbox 824 879 1144 941; x_wconf 84' lang='lat' dir='ltr'>sapientem.</span> <span class='ocrx_word' id='word_1_86' title='bbox 1208 879 1411 929; x_wconf 92' lang='lat' dir='ltr'>iudicat</span> <span class='ocrx_word' id='word_1_87' title='bbox 1443 881 1616 943; x_wconf 89' lang='lat' dir='ltr'>igitur,</span> <span class='ocrx_word' id='word_1_88' title='bbox 1663 894 1787 931; x_wconf 91' lang='lat' dir='ltr'>cum</span> <span class='ocrx_word' id='word_1_89' title='bbox 1820 883 1946 944; x_wconf 86' lang='lat' dir='ltr'>agit,</span> 
     </span>
    </p>
   </div>
   <div class='ocr_carea' id='block_1_7' title="bbox 157 2226 213 2266">
    <p class='ocr_par' dir='ltr' id='par_1_8' title="bbox 157 2226 213 2266">
     <span class='ocr_line' id='line_1_13' title="bbox 157 2226 213 2266; baseline 0 0"><span class='ocrx_word' id='word_1_90' title='bbox 157 2226 213 2266; x_wconf 87' lang='grc'>60</span> 
     </span>
    </p>
   </div>
   <div class='ocr_carea' id='block_1_8' title="bbox 247 953 2015 2581">
    <p class='ocr_par' dir='ltr' id='par_1_9' title="bbox 247 953 2015 2197">
     <span class='ocr_line' id='line_1_14' title="bbox 249 953 2015 1017; baseline -0.002 -13"><span class='ocrx_word' id='word_1_91' title='bbox 249 954 490 1005; x_wconf 78' lang='lat' dir='ltr'>officium</span> <span class='ocrx_word' id='word_1_92' title='bbox 531 953 665 1003; x_wconf 92' lang='lat' dir='ltr'>illud</span> <span class='ocrx_word' id='word_1_93' title='bbox 708 967 845 1004; x_wconf 94' lang='lat' dir='ltr'>esse.</span> <span class='ocrx_word' id='word_1_94' title='bbox 910 954 1060 1016; x_wconf 93' lang='lat' dir='ltr'>quod</span> <span class='ocrx_word' id='word_1_95' title='bbox 1102 955 1365 1016; x_wconf 90' lang='lat' dir='ltr'>quoniam</span> <span class='ocrx_word' id='word_1_96' title='bbox 1406 968 1708 1017; x_wconf 91' lang='lat' dir='ltr'>numquam</span> <span class='ocrx_word' id='word_1_97' title='bbox 1750 955 1946 1006; x_wconf 81' lang='lat' dir='ltr'>fallitur</span> <span class='ocrx_word' id='word_1_98' title='bbox 1972 966 2015 1001; x_wconf 91' lang='lat'>10</span> 
     </span>
     <span class='ocr_line' id='line_1_15' title="bbox 248 1028 1948 1092; baseline 0.001 -14"><span class='ocrx_word' id='word_1_99' title='bbox 248 1030 302 1078; x_wconf 92' lang='lat' dir='ltr'>in</span> <span class='ocrx_word' id='word_1_100' title='bbox 336 1028 648 1086; x_wconf 88' lang='lat' dir='ltr'>iudicando,</span> <span class='ocrx_word' id='word_1_101' title='bbox 691 1029 787 1078; x_wconf 91' lang='lat' dir='ltr'>erit</span> <span class='ocrx_word' id='word_1_102' title='bbox 820 1029 874 1077; x_wconf 93' lang='lat' dir='ltr'>in</span> <span class='ocrx_word' id='word_1_103' title='bbox 908 1028 1103 1078; x_wconf 92' lang='lat' dir='ltr'>mediis</span> <span class='ocrx_word' id='word_1_104' title='bbox 1137 1029 1298 1079; x_wconf 89' lang='lat' dir='ltr'>rebus</span> <span class='ocrx_word' id='word_1_105' title='bbox 1329 1029 1588 1080; x_wconf 79' lang='lat' dir='ltr'>officium.</span> <span class='ocrx_word' id='word_1_106' title='bbox 1652 1030 1802 1092; x_wconf 91' lang='lat' dir='ltr'>quod</span> <span class='ocrx_word' id='word_1_107' title='bbox 1836 1031 1948 1080; x_wconf 82' lang='lat' dir='ltr'>effi-</span> 
     </span>
     <span class='ocr_line' id='line_1_16' title="bbox 249 1101 1946 1158; baseline 0.001 -6"><span class='ocrx_word' id='word_1_108' title='bbox 249 1105 382 1153; x_wconf 87' lang='lat' dir='ltr'>citur</span> <span class='ocrx_word' id='word_1_109' title='bbox 430 1103 533 1152; x_wconf 92' lang='lat' dir='ltr'>hac</span> <span class='ocrx_word' id='word_1_110' title='bbox 577 1103 741 1153; x_wconf 92' lang='lat' dir='ltr'>etiam</span> <span class='ocrx_word' id='word_1_111' title='bbox 787 1102 1143 1153; x_wconf 90' lang='lat' dir='ltr'>conclusione</span> <span class='ocrx_word' id='word_1_112' title='bbox 1187 1104 1431 1154; x_wconf 89' lang='lat' dir='ltr'>rationis:</span> <span class='ocrx_word' id='word_1_113' title='bbox 1478 1101 1754 1158; x_wconf 91' lang='lat' dir='ltr'>Quoniam</span> <span class='ocrx_word' id='word_1_114' title='bbox 1800 1106 1946 1155; x_wconf 90' lang='lat' dir='ltr'>enim</span> 
     </span>
     <span class='ocr_line' id='line_1_17' title="bbox 247 1177 1946 1241; baseline 0.001 -14"><span class='ocrx_word' id='word_1_115' title='bbox 247 1178 501 1228; x_wconf 93' lang='lat' dir='ltr'>videmus</span> <span class='ocrx_word' id='word_1_116' title='bbox 536 1191 658 1228; x_wconf 91' lang='lat' dir='ltr'>esse</span> <span class='ocrx_word' id='word_1_117' title='bbox 693 1177 971 1240; x_wconf 90' lang='lat' dir='ltr'>quiddam,</span> <span class='ocrx_word' id='word_1_118' title='bbox 1006 1177 1156 1240; x_wconf 93' lang='lat' dir='ltr'>quod</span> <span class='ocrx_word' id='word_1_119' title='bbox 1190 1183 1333 1228; x_wconf 89' lang='lat' dir='ltr'>recte</span> <span class='ocrx_word' id='word_1_120' title='bbox 1359 1178 1560 1228; x_wconf 78' lang='lat' dir='ltr'>factum</span> <span class='ocrx_word' id='word_1_121' title='bbox 1586 1179 1946 1241; x_wconf 84' lang='lat' dir='ltr'>appellemus,</span> 
     </span>
     <span class='ocr_line' id='line_1_18' title="bbox 248 1247 1943 1317; baseline 0.001 -15"><span class='ocrx_word' id='word_1_122' title='bbox 248 1253 302 1302; x_wconf 94' lang='lat' dir='ltr'>id</span> <span class='ocrx_word' id='word_1_123' title='bbox 347 1258 531 1302; x_wconf 93' lang='lat' dir='ltr'>autem</span> <span class='ocrx_word' id='word_1_124' title='bbox 577 1257 658 1302; x_wconf 91' lang='lat' dir='ltr'>est</span> <span class='ocrx_word' id='word_1_125' title='bbox 707 1251 1003 1314; x_wconf 81' lang='lat' dir='ltr'>perfectum</span> <span class='ocrx_word' id='word_1_126' title='bbox 1057 1252 1312 1311; x_wconf 84' lang='lat' dir='ltr'>officium,</span> <span class='ocrx_word' id='word_1_127' title='bbox 1359 1254 1455 1303; x_wconf 91' lang='lat' dir='ltr'>erit</span> <span class='ocrx_word' id='word_1_128' title='bbox 1502 1247 1733 1317; x_wconf 90' lang='lat' dir='ltr'>[autem]</span> <span class='ocrx_word' id='word_1_129' title='bbox 1780 1254 1943 1304; x_wconf 92' lang='lat' dir='ltr'>etiam</span> 
     </span>
     <span class='ocr_line' id='line_1_19' title="bbox 248 1327 2012 1388; baseline 0.001 -12"><span class='ocrx_word' id='word_1_130' title='bbox 248 1327 580 1385; x_wconf 91' lang='lat' dir='ltr'>inchoatum,</span> <span class='ocrx_word' id='word_1_131' title='bbox 614 1331 685 1384; x_wconf 93' lang='lat' dir='ltr'>ut,</span> <span class='ocrx_word' id='word_1_132' title='bbox 712 1328 756 1375; x_wconf 91' lang='lat' dir='ltr'>si</span> <span class='ocrx_word' id='word_1_133' title='bbox 783 1327 924 1376; x_wconf 90' lang='lat' dir='ltr'>iuste</span> <span class='ocrx_word' id='word_1_134' title='bbox 950 1327 1263 1388; x_wconf 91' lang='lat' dir='ltr'>depositum</span> <span class='ocrx_word' id='word_1_135' title='bbox 1290 1327 1516 1377; x_wconf 92' lang='lat' dir='ltr'>reddere</span> <span class='ocrx_word' id='word_1_136' title='bbox 1542 1329 1596 1377; x_wconf 93' lang='lat' dir='ltr'>in</span> <span class='ocrx_word' id='word_1_137' title='bbox 1621 1328 1942 1378; x_wconf 80' lang='lat' dir='ltr'>rectefactis</span> <span class='ocrx_word' id='word_1_138' title='bbox 1969 1340 2012 1374; x_wconf 87' lang='lat'>15</span> 
     </span>
     <span class='ocr_line' id='line_1_20' title="bbox 248 1401 1944 1463; baseline 0.001 -12"><span class='ocrx_word' id='word_1_139' title='bbox 248 1403 329 1460; x_wconf 91' lang='lat' dir='ltr'>sit,</span> <span class='ocrx_word' id='word_1_140' title='bbox 374 1403 447 1451; x_wconf 87' lang='lat' dir='ltr'>in.</span> <span class='ocrx_word' id='word_1_141' title='bbox 479 1401 672 1452; x_wconf 79' lang='lat' dir='ltr'>officiis</span> <span class='ocrx_word' id='word_1_142' title='bbox 722 1406 955 1463; x_wconf 91' lang='lat' dir='ltr'>ponatur</span> <span class='ocrx_word' id='word_1_143' title='bbox 1003 1401 1317 1463; x_wconf 88' lang='lat' dir='ltr'>depositum</span> <span class='ocrx_word' id='word_1_144' title='bbox 1361 1402 1609 1460; x_wconf 90' lang='lat' dir='ltr'>reddere;</span> <span class='ocrx_word' id='word_1_145' title='bbox 1657 1402 1751 1453; x_wconf 93' lang='lat' dir='ltr'>illo</span> <span class='ocrx_word' id='word_1_146' title='bbox 1799 1404 1944 1452; x_wconf 91' lang='lat' dir='ltr'>enim</span> 
     </span>
     <span class='ocr_line' id='line_1_21' title="bbox 248 1470 1943 1539; baseline 0 -13"><span class='ocrx_word' id='word_1_147' title='bbox 248 1476 436 1527; x_wconf 91' lang='lat' dir='ltr'>addito</span> <span class='ocrx_word' id='word_1_148' title='bbox 474 1470 651 1526; x_wconf 75' lang='lat' dir='ltr'>‘iuste&#39;</span> <span class='ocrx_word' id='word_1_149' title='bbox 686 1475 746 1525; x_wconf 80' lang='lat' dir='ltr'>fit</span> <span class='ocrx_word' id='word_1_150' title='bbox 778 1480 921 1526; x_wconf 87' lang='lat' dir='ltr'>recte</span> <span class='ocrx_word' id='word_1_151' title='bbox 954 1475 1171 1534; x_wconf 80' lang='lat' dir='ltr'>factum,</span> <span class='ocrx_word' id='word_1_152' title='bbox 1206 1490 1300 1538; x_wconf 93' lang='lat' dir='ltr'>per</span> <span class='ocrx_word' id='word_1_153' title='bbox 1323 1490 1393 1526; x_wconf 72' lang='lat' dir='ltr'>‘se</span> <span class='ocrx_word' id='word_1_154' title='bbox 1423 1482 1606 1527; x_wconf 88' lang='lat' dir='ltr'>autem</span> <span class='ocrx_word' id='word_1_155' title='bbox 1633 1477 1739 1527; x_wconf 91' lang='lat' dir='ltr'>hoc</span> <span class='ocrx_word' id='word_1_156' title='bbox 1764 1478 1943 1539; x_wconf 89' lang='lat' dir='ltr'>ipsum</span> 
     </span>
     <span class='ocr_line' id='line_1_22' title="bbox 248 1550 1943 1614; baseline -0.001 -13"><span class='ocrx_word' id='word_1_157' title='bbox 248 1551 474 1601; x_wconf 90' lang='lat' dir='ltr'>reddere</span> <span class='ocrx_word' id='word_1_158' title='bbox 515 1551 569 1600; x_wconf 94' lang='lat' dir='ltr'>in</span> <span class='ocrx_word' id='word_1_159' title='bbox 611 1550 793 1600; x_wconf 81' lang='lat' dir='ltr'>officio</span> <span class='ocrx_word' id='word_1_160' title='bbox 844 1551 1074 1612; x_wconf 91' lang='lat' dir='ltr'>ponitur.</span> <span class='ocrx_word' id='word_1_161' title='bbox 1146 1552 1521 1614; x_wconf 88' lang='lat' dir='ltr'>quoniamque</span> <span class='ocrx_word' id='word_1_162' title='bbox 1561 1566 1673 1602; x_wconf 92' lang='lat' dir='ltr'>non</span> <span class='ocrx_word' id='word_1_163' title='bbox 1716 1552 1943 1601; x_wconf 92' lang='lat' dir='ltr'>dubium</span> 
     </span>
     <span class='ocr_line' id='line_1_23' title="bbox 249 1625 1944 1690; baseline 0.001 -15"><span class='ocrx_word' id='word_1_164' title='bbox 249 1630 330 1676; x_wconf 82' lang='lat' dir='ltr'>est</span> <span class='ocrx_word' id='word_1_165' title='bbox 356 1626 487 1688; x_wconf 92' lang='lat' dir='ltr'>quin</span> <span class='ocrx_word' id='word_1_166' title='bbox 514 1626 568 1674; x_wconf 94' lang='lat' dir='ltr'>in</span> <span class='ocrx_word' id='word_1_167' title='bbox 595 1626 675 1683; x_wconf 90' lang='lat' dir='ltr'>iis,</span> <span class='ocrx_word' id='word_1_168' title='bbox 702 1638 845 1687; x_wconf 92' lang='lat' dir='ltr'>quae</span> <span class='ocrx_word' id='word_1_169' title='bbox 870 1625 1054 1675; x_wconf 90' lang='lat' dir='ltr'>media</span> <span class='ocrx_word' id='word_1_170' title='bbox 1072 1625 1318 1683; x_wconf 83' lang='lat' dir='ltr'>dicimuS,</span> <span class='ocrx_word' id='word_1_171' title='bbox 1345 1627 1413 1675; x_wconf 91' lang='lat' dir='ltr'>sit</span> <span class='ocrx_word' id='word_1_172' title='bbox 1430 1625 1578 1675; x_wconf 94' lang='lat' dir='ltr'>aliud</span> <span class='ocrx_word' id='word_1_173' title='bbox 1597 1626 1944 1690; x_wconf 87' lang='lat' dir='ltr'>sumendum,</span> 
     </span>
     <span class='ocr_line' id='line_1_24' title="bbox 248 1699 2015 1762; baseline -0.002 -13"><span class='ocrx_word' id='word_1_174' title='bbox 248 1700 395 1750; x_wconf 92' lang='lat' dir='ltr'>aliud</span> <span class='ocrx_word' id='word_1_175' title='bbox 429 1700 779 1758; x_wconf 90' lang='lat' dir='ltr'>reiciendum,</span> <span class='ocrx_word' id='word_1_176' title='bbox 813 1699 1073 1762; x_wconf 91' lang='lat' dir='ltr'>quicquid</span> <span class='ocrx_word' id='word_1_177' title='bbox 1107 1701 1181 1749; x_wconf 92' lang='lat' dir='ltr'>ita</span> <span class='ocrx_word' id='word_1_178' title='bbox 1213 1699 1272 1749; x_wconf 78' lang='lat' dir='ltr'>fit</span> <span class='ocrx_word' id='word_1_179' title='bbox 1305 1705 1397 1750; x_wconf 89' lang='lat' dir='ltr'>aut</span> <span class='ocrx_word' id='word_1_180' title='bbox 1430 1700 1635 1758; x_wconf 91' lang='lat' dir='ltr'>dicitur,</span> <span class='ocrx_word' id='word_1_181' title='bbox 1670 1714 1835 1751; x_wconf 92' lang='lat' dir='ltr'>omne</span> <span class='ocrx_word' id='word_1_182' title='bbox 1869 1701 1945 1751; x_wconf 81' lang='lat' dir='ltr'>ot·</span> <span class='ocrx_word' id='word_1_183' title='bbox 1969 1711 2015 1746; x_wconf 81' lang='lat'>20</span> 
     </span>
     <span class='ocr_line' id='line_1_25' title="bbox 247 1773 1943 1837; baseline 0.001 -13"><span class='ocrx_word' id='word_1_184' title='bbox 247 1775 371 1825; x_wconf 83' lang='lat' dir='ltr'>ficio</span> <span class='ocrx_word' id='word_1_185' title='bbox 406 1776 724 1825; x_wconf 88' lang='lat' dir='ltr'>continetur.</span> <span class='ocrx_word' id='word_1_186' title='bbox 789 1788 855 1824; x_wconf 88' lang='lat' dir='ltr'>ex</span> <span class='ocrx_word' id='word_1_187' title='bbox 898 1788 1008 1836; x_wconf 95' lang='lat' dir='ltr'>quo</span> <span class='ocrx_word' id='word_1_188' title='bbox 1051 1773 1393 1837; x_wconf 89' lang='lat' dir='ltr'>intellegitur,</span> <span class='ocrx_word' id='word_1_189' title='bbox 1435 1776 1698 1837; x_wconf 91' lang='lat' dir='ltr'>quoniam</span> <span class='ocrx_word' id='word_1_190' title='bbox 1739 1787 1799 1825; x_wconf 89' lang='lat' dir='ltr'>se</span> <span class='ocrx_word' id='word_1_191' title='bbox 1839 1776 1943 1837; x_wconf 90' lang='lat' dir='ltr'>ipsi</span> 
     </span>
     <span class='ocr_line' id='line_1_26' title="bbox 248 1848 1943 1912; baseline 0 -13"><span class='ocrx_word' id='word_1_192' title='bbox 248 1863 440 1900; x_wconf 91' lang='lat' dir='ltr'>omnes</span> <span class='ocrx_word' id='word_1_193' title='bbox 467 1854 659 1898; x_wconf 88' lang='lat' dir='ltr'>natura</span> <span class='ocrx_word' id='word_1_194' title='bbox 677 1848 920 1911; x_wconf 86' lang='lat' dir='ltr'>diligant,</span> <span class='ocrx_word' id='word_1_195' title='bbox 946 1853 1058 1898; x_wconf 91' lang='lat' dir='ltr'>tam</span> <span class='ocrx_word' id='word_1_196' title='bbox 1084 1849 1432 1910; x_wconf 89' lang='lat' dir='ltr'>insipientem</span> <span class='ocrx_word' id='word_1_197' title='bbox 1452 1863 1618 1912; x_wconf 88' lang='lat' dir='ltr'>quarn</span> <span class='ocrx_word' id='word_1_198' title='bbox 1637 1851 1943 1911; x_wconf 89' lang='lat' dir='ltr'>sapientem</span> 
     </span>
     <span class='ocr_line' id='line_1_27' title="bbox 248 1923 1943 1986; baseline 0.001 -13"><span class='ocrx_word' id='word_1_199' title='bbox 248 1928 605 1986; x_wconf 86' lang='lat' dir='ltr'>sumpturum,</span> <span class='ocrx_word' id='word_1_200' title='bbox 640 1937 782 1985; x_wconf 92' lang='lat' dir='ltr'>quae</span> <span class='ocrx_word' id='word_1_201' title='bbox 816 1923 1120 1973; x_wconf 89' lang='lat' dir='ltr'>secundum</span> <span class='ocrx_word' id='word_1_202' title='bbox 1155 1928 1403 1973; x_wconf 91' lang='lat' dir='ltr'>naturam</span> <span class='ocrx_word' id='word_1_203' title='bbox 1438 1925 1557 1982; x_wconf 92' lang='lat' dir='ltr'>sint,</span> <span class='ocrx_word' id='word_1_204' title='bbox 1598 1925 1943 1974; x_wconf 90' lang='lat' dir='ltr'>reiecturum-</span> 
     </span>
     <span class='ocr_line' id='line_1_28' title="bbox 247 1997 1944 2061; baseline 0 -13"><span class='ocrx_word' id='word_1_205' title='bbox 247 2012 355 2061; x_wconf 91' lang='lat' dir='ltr'>que</span> <span class='ocrx_word' id='word_1_206' title='bbox 390 1999 669 2049; x_wconf 88' lang='lat' dir='ltr'>contraria.</span> <span class='ocrx_word' id='word_1_207' title='bbox 725 1998 800 2047; x_wconf 93' lang='lat' dir='ltr'>ita</span> <span class='ocrx_word' id='word_1_208' title='bbox 833 2002 915 2047; x_wconf 90' lang='lat' dir='ltr'>est</span> <span class='ocrx_word' id='word_1_209' title='bbox 948 1997 1230 2060; x_wconf 91' lang='lat' dir='ltr'>quoddam</span> <span class='ocrx_word' id='word_1_210' title='bbox 1266 2011 1559 2048; x_wconf 89' lang='lat' dir='ltr'>commune</span> <span class='ocrx_word' id='word_1_211' title='bbox 1593 1998 1834 2048; x_wconf 79' lang='lat' dir='ltr'>officium</span> <span class='ocrx_word' id='word_1_212' title='bbox 1861 2012 1944 2048; x_wconf 91' lang='lat' dir='ltr'>sa-</span> 
     </span>
     <span class='ocr_line' id='line_1_29' title="bbox 247 2071 2011 2135; baseline -0.002 -13"><span class='ocrx_word' id='word_1_213' title='bbox 247 2074 443 2135; x_wconf 91' lang='lat' dir='ltr'>pientis</span> <span class='ocrx_word' id='word_1_214' title='bbox 472 2077 524 2122; x_wconf 94' lang='lat' dir='ltr'>et</span> <span class='ocrx_word' id='word_1_215' title='bbox 548 2072 869 2135; x_wconf 87' lang='lat' dir='ltr'>insipientis,</span> <span class='ocrx_word' id='word_1_216' title='bbox 903 2086 969 2122; x_wconf 85' lang='lat' dir='ltr'>ex</span> <span class='ocrx_word' id='word_1_217' title='bbox 996 2086 1106 2134; x_wconf 94' lang='lat' dir='ltr'>quo</span> <span class='ocrx_word' id='word_1_218' title='bbox 1134 2071 1360 2122; x_wconf 75' lang='lat' dir='ltr'>efficitur</span> <span class='ocrx_word' id='word_1_219' title='bbox 1383 2074 1585 2122; x_wconf 90' lang='lat' dir='ltr'>versari</span> <span class='ocrx_word' id='word_1_220' title='bbox 1613 2074 1667 2122; x_wconf 94' lang='lat' dir='ltr'>in</span> <span class='ocrx_word' id='word_1_221' title='bbox 1694 2074 1772 2131; x_wconf 89' lang='lat' dir='ltr'>iis,</span> <span class='ocrx_word' id='word_1_222' title='bbox 1799 2087 1942 2135; x_wconf 90' lang='lat' dir='ltr'>quae</span> <span class='ocrx_word' id='word_1_223' title='bbox 1966 2083 2011 2118; x_wconf 87' lang='lat'>25</span> 
     </span>
     <span class='ocr_line' id='line_1_30' title="bbox 248 2147 1387 2197; baseline -0.003 0"><span class='ocrx_word' id='word_1_224' title='bbox 248 2147 434 2197; x_wconf 92' lang='lat' dir='ltr'>media</span> <span class='ocrx_word' id='word_1_225' title='bbox 466 2147 731 2197; x_wconf 83' lang='lat' dir='ltr'>dicamus,</span> <span class='ocrx_word' id='word_1_226' title='bbox 1385 2180 1387 2182; x_wconf 87' lang='lat'><em>-</em></span> 
     </span>
    </p>

    <p class='ocr_par' dir='ltr' id='par_1_10' title="bbox 248 2220 2010 2581">
     <span class='ocr_line' id='line_1_31' title="bbox 322 2220 1942 2283; baseline 0 -12"><span class='ocrx_word' id='word_1_227' title='bbox 322 2220 431 2272; x_wconf 90' lang='lat' dir='ltr'>Sed</span> <span class='ocrx_word' id='word_1_228' title='bbox 459 2235 582 2271; x_wconf 91' lang='lat' dir='ltr'>cum</span> <span class='ocrx_word' id='word_1_229' title='bbox 609 2221 678 2271; x_wconf 89' lang='lat' dir='ltr'>ab</span> <span class='ocrx_word' id='word_1_230' title='bbox 705 2222 787 2271; x_wconf 90' lang='lat' dir='ltr'>his</span> <span class='ocrx_word' id='word_1_231' title='bbox 815 2222 1001 2272; x_wconf 91' lang='lat' dir='ltr'>omnia</span> <span class='ocrx_word' id='word_1_232' title='bbox 1026 2221 1434 2283; x_wconf 80' lang='lat' dir='ltr'>proficiscantur</span> <span class='ocrx_word' id='word_1_233' title='bbox 1460 2221 1653 2280; x_wconf 81' lang='lat' dir='ltr'>officia,</span> <span class='ocrx_word' id='word_1_234' title='bbox 1686 2222 1942 2272; x_wconf 70' lang='lat' dir='ltr'>non-sine</span> 
     </span>
     <span class='ocr_line' id='line_1_32' title="bbox 248 2295 1941 2359; baseline 0 -13"><span class='ocrx_word' id='word_1_235' title='bbox 248 2309 415 2346; x_wconf 91' lang='lat' dir='ltr'>causa</span> <span class='ocrx_word' id='word_1_236' title='bbox 447 2296 638 2345; x_wconf 91' lang='lat' dir='ltr'>dicitur</span> <span class='ocrx_word' id='word_1_237' title='bbox 671 2296 741 2345; x_wconf 89' lang='lat' dir='ltr'>ad</span> <span class='ocrx_word' id='word_1_238' title='bbox 776 2309 842 2346; x_wconf 92' lang='lat' dir='ltr'>ea</span> <span class='ocrx_word' id='word_1_239' title='bbox 874 2295 1051 2345; x_wconf 80' lang='lat' dir='ltr'>referri</span> <span class='ocrx_word' id='word_1_240' title='bbox 1094 2310 1286 2346; x_wconf 91' lang='lat' dir='ltr'>omnes</span> <span class='ocrx_word' id='word_1_241' title='bbox 1319 2301 1532 2346; x_wconf 91' lang='lat' dir='ltr'>nostras</span> <span class='ocrx_word' id='word_1_242' title='bbox 1566 2296 1941 2359; x_wconf 60' lang='lat' dir='ltr'>cogitationes</span> 
     </span>
     <span class='ocr_line' id='line_1_33' title="bbox 248 2370 1941 2432; baseline 0.001 -12"><span class='ocrx_word' id='word_1_243' title='bbox 248 2371 302 2420; x_wconf 92' lang='lat' dir='ltr'>in</span> <span class='ocrx_word' id='word_1_244' title='bbox 336 2370 419 2420; x_wconf 92' lang='lat' dir='ltr'>his</span> <span class='ocrx_word' id='word_1_245' title='bbox 455 2375 819 2420; x_wconf 88' lang='lat' dir='ltr'>et-excessum</span> <span class='ocrx_word' id='word_1_246' title='bbox 847 2384 876 2420; x_wconf 93' lang='lat' dir='ltr'>e</span> <span class='ocrx_word' id='word_1_247' title='bbox 901 2371 1014 2420; x_wconf 92' lang='lat' dir='ltr'>vita</span> <span class='ocrx_word' id='word_1_248' title='bbox 1040 2375 1092 2421; x_wconf 93' lang='lat' dir='ltr'>et</span> <span class='ocrx_word' id='word_1_249' title='bbox 1117 2371 1171 2420; x_wconf 92' lang='lat' dir='ltr'>in</span> <span class='ocrx_word' id='word_1_250' title='bbox 1196 2372 1310 2420; x_wconf 91' lang='lat' dir='ltr'>vita</span> <span class='ocrx_word' id='word_1_251' title='bbox 1334 2371 1694 2421; x_wconf 91' lang='lat' dir='ltr'>mansionem.</span> <span class='ocrx_word' id='word_1_252' title='bbox 1750 2371 1804 2420; x_wconf 93' lang='lat' dir='ltr'>in</span> <span class='ocrx_word' id='word_1_253' title='bbox 1831 2385 1941 2432; x_wconf 93' lang='lat' dir='ltr'>quo</span> 
     </span>
     <span class='ocr_line' id='line_1_34' title="bbox 249 2444 2010 2507; baseline -0.001 -14"><span class='ocrx_word' id='word_1_254' title='bbox 249 2445 393 2494; x_wconf 90' lang='lat' dir='ltr'>enim</span> <span class='ocrx_word' id='word_1_255' title='bbox 436 2444 590 2506; x_wconf 92' lang='lat' dir='ltr'>plura</span> <span class='ocrx_word' id='word_1_256' title='bbox 630 2449 755 2494; x_wconf 91' lang='lat' dir='ltr'>sunt</span> <span class='ocrx_word' id='word_1_257' title='bbox 795 2458 938 2507; x_wconf 90' lang='lat' dir='ltr'>quae</span> <span class='ocrx_word' id='word_1_258' title='bbox 979 2444 1282 2495; x_wconf 89' lang='lat' dir='ltr'>secundum</span> <span class='ocrx_word' id='word_1_259' title='bbox 1316 2450 1563 2494; x_wconf 90' lang='lat' dir='ltr'>naturam</span> <span class='ocrx_word' id='word_1_260' title='bbox 1597 2449 1744 2503; x_wconf 88' lang='lat' dir='ltr'>sunt,</span> <span class='ocrx_word' id='word_1_261' title='bbox 1779 2445 1939 2494; x_wconf 88' lang='lat' dir='ltr'>huius</span> <span class='ocrx_word' id='word_1_262' title='bbox 1965 2455 2010 2490; x_wconf 84' lang='lat'>30</span> 
     </span>
     <span class='ocr_line' id='line_1_35' title="bbox 249 2519 1941 2581; baseline 0 -13"><span class='ocrx_word' id='word_1_263' title='bbox 249 2519 489 2569; x_wconf 76' lang='lat' dir='ltr'>officium</span> <span class='ocrx_word' id='word_1_264' title='bbox 535 2524 617 2568; x_wconf 90' lang='lat' dir='ltr'>est</span> <span class='ocrx_word' id='word_1_265' title='bbox 659 2520 714 2568; x_wconf 93' lang='lat' dir='ltr'>in</span> <span class='ocrx_word' id='word_1_266' title='bbox 758 2520 871 2568; x_wconf 90' lang='lat' dir='ltr'>vita</span> <span class='ocrx_word' id='word_1_267' title='bbox 914 2533 1176 2577; x_wconf 57' lang='lat' dir='ltr'>manere,</span> <span class='ocrx_word' id='word_1_268' title='bbox 1201 2520 1255 2568; x_wconf 94' lang='lat' dir='ltr'>in</span> <span class='ocrx_word' id='word_1_269' title='bbox 1300 2532 1410 2581; x_wconf 95' lang='lat' dir='ltr'>quo</span> <span class='ocrx_word' id='word_1_270' title='bbox 1452 2524 1635 2569; x_wconf 89' lang='lat' dir='ltr'>autem</span> <span class='ocrx_word' id='word_1_271' title='bbox 1679 2524 1773 2568; x_wconf 89' lang='lat' dir='ltr'>aut</span> <span class='ocrx_word' id='word_1_272' title='bbox 1816 2524 1941 2569; x_wconf 90' lang='lat' dir='ltr'>sunt</span> 
     </span>
    </p>
   </div>
   <div class='ocr_carea' id='block_1_9' title="bbox 246 2680 1941 3018">
    <p class='ocr_par' dir='ltr' id='par_1_11' title="bbox 246 2680 1941 2966">
     <span class='ocr_line' id='line_1_36' title="bbox 324 2680 1939 2731; baseline -0.001 -10"><span class='ocrx_word' id='word_1_273' title='bbox 324 2681 358 2721; x_wconf 85' lang='lat'>1-</span> <span class='ocrx_word' id='word_1_274' title='bbox 381 2683 436 2722; x_wconf 87' lang='lat' dir='ltr'>iis</span> <span class='ocrx_word' id='word_1_275' title='bbox 468 2683 572 2723; x_wconf 86' lang='lat' dir='ltr'>edd.</span> <span class='ocrx_word' id='word_1_276' title='bbox 606 2681 678 2722; x_wconf 85' lang='lat' dir='ltr'>his</span> <span class='ocrx_word' id='word_1_277' title='bbox 777 2682 803 2722; x_wconf 90' lang='lat'><strong>5</strong></span> <span class='ocrx_word' id='word_1_278' title='bbox 837 2683 1013 2723; x_wconf 88' lang='lat' dir='ltr'>ratione</span> <span class='ocrx_word' id='word_1_279' title='bbox 1120 2684 1317 2731; x_wconf 88' lang='lat' dir='ltr'>ponatur</span> <span class='ocrx_word' id='word_1_280' title='bbox 1347 2692 1434 2721; x_wconf 89' lang='lat' dir='ltr'>nec</span> <span class='ocrx_word' id='word_1_281' title='bbox 1468 2682 1514 2720; x_wconf 91' lang='lat' dir='ltr'>in</span> <span class='ocrx_word' id='word_1_282' title='bbox 1547 2692 1636 2721; x_wconf 91' lang='lat' dir='ltr'>om.</span> <span class='ocrx_word' id='word_1_283' title='bbox 1662 2680 1699 2720; x_wconf 87' lang='lat' dir='ltr'><strong>R</strong></span> <span class='ocrx_word' id='word_1_284' title='bbox 1790 2683 1939 2720; x_wconf 88' lang='lat' dir='ltr'>actum</span> 
     </span>
     <span class='ocr_line' id='line_1_37' title="bbox 246 2735 1941 2789; baseline -0.002 -8"><span class='ocrx_word' id='word_1_285' title='bbox 246 2744 316 2782; x_wconf 87' lang='lat' dir='ltr'>est</span> <span class='ocrx_word' id='word_1_286' title='bbox 347 2740 471 2782; x_wconf 82' lang='lat' dir='ltr'>Mdv.</span> <span class='ocrx_word' id='word_1_287' title='bbox 511 2743 661 2782; x_wconf 88' lang='lat' dir='ltr'>actum</span> <span class='ocrx_word' id='word_1_288' title='bbox 702 2741 761 2781; x_wconf 74' lang='lat' dir='ltr'>sIt</span> <span class='ocrx_word' id='word_1_289' title='bbox 791 2739 974 2782; x_wconf 89' lang='lat' dir='ltr'><strong>ABEN</strong></span> <span class='ocrx_word' id='word_1_290' title='bbox 1014 2741 1066 2781; x_wconf 80' lang='lat' dir='ltr'>fit</span> <span class='ocrx_word' id='word_1_291' title='bbox 1095 2741 1138 2782; x_wconf 90' lang='lat' dir='ltr'>V</span> <span class='ocrx_word' id='word_1_292' title='bbox 1296 2738 1510 2789; x_wconf 52' lang='lat' dir='ltr'>8=Atque</span> <span class='ocrx_word' id='word_1_293' title='bbox 1541 2742 1654 2781; x_wconf 81' lang='lat' dir='ltr'>dett.</span> <span class='ocrx_word' id='word_1_294' title='bbox 1687 2737 1827 2788; x_wconf 73' lang='lat' dir='ltr'>Atqui</span> <span class='ocrx_word' id='word_1_295' title='bbox 1862 2735 1941 2787; x_wconf 89' lang='lat' dir='ltr'>(At</span> 
     </span>
     <span class='ocr_line' id='line_1_38' title="bbox 247 2798 1939 2851; baseline -0.002 -11"><span class='ocrx_word' id='word_1_296' title='bbox 247 2798 345 2851; x_wconf 88' lang='lat' dir='ltr'>qui)</span> <span class='ocrx_word' id='word_1_297' title='bbox 485 2800 540 2840; x_wconf 87' lang='lat'>14</span> <span class='ocrx_word' id='word_1_298' title='bbox 572 2801 661 2841; x_wconf 86' lang='lat' dir='ltr'>del.</span> <span class='ocrx_word' id='word_1_299' title='bbox 693 2800 851 2841; x_wconf 87' lang='lat' dir='ltr'>Lamb.</span> <span class='ocrx_word' id='word_1_300' title='bbox 983 2800 1037 2841; x_wconf 86' lang='lat'>17</span> <span class='ocrx_word' id='word_1_301' title='bbox 1077 2800 1129 2840; x_wconf 79' lang='lat' dir='ltr'>fit</span> <span class='ocrx_word' id='word_1_302' title='bbox 1167 2800 1324 2842; x_wconf 86' lang='lat' dir='ltr'>Lamb.</span> <span class='ocrx_word' id='word_1_303' title='bbox 1366 2799 1474 2840; x_wconf 79' lang='lat' dir='ltr'>facit</span> <span class='ocrx_word' id='word_1_304' title='bbox 1603 2798 1658 2838; x_wconf 88' lang='grc'>18</span> <span class='ocrx_word' id='word_1_305' title='bbox 1698 2798 1939 2848; x_wconf 87' lang='lat' dir='ltr'>quoniam·</span> 
     </span>
     <span class='ocr_line' id='line_1_39' title="bbox 247 2854 1938 2910; baseline -0.002 -10"><span class='ocrx_word' id='word_1_306' title='bbox 247 2857 354 2908; x_wconf 87' lang='lat' dir='ltr'>que]</span> <span class='ocrx_word' id='word_1_307' title='bbox 390 2860 673 2910; x_wconf 87' lang='lat' dir='ltr'>quandoque</span> <span class='ocrx_word' id='word_1_308' title='bbox 704 2859 796 2901; x_wconf 87' lang='lat' dir='ltr'>RV</span> <span class='ocrx_word' id='word_1_309' title='bbox 919 2859 973 2900; x_wconf 84' lang='lat'>19</span> <span class='ocrx_word' id='word_1_310' title='bbox 1006 2861 1062 2901; x_wconf 79' lang='lat' dir='ltr'>iis</span> <span class='ocrx_word' id='word_1_311' title='bbox 1092 2859 1134 2900; x_wconf 89' lang='lat' dir='ltr'>V</span> <span class='ocrx_word' id='word_1_312' title='bbox 1166 2860 1238 2900; x_wconf 89' lang='lat' dir='ltr'>his</span> <span class='ocrx_word' id='word_1_313' title='bbox 1353 2858 1559 2899; x_wconf 84' lang='lat' dir='ltr'>dicamus</span> <span class='ocrx_word' id='word_1_314' title='bbox 1591 2857 1632 2898; x_wconf 88' lang='lat' dir='ltr'>A</span> <span class='ocrx_word' id='word_1_315' title='bbox 1754 2857 1812 2898; x_wconf 89' lang='lat'>20</span> <span class='ocrx_word' id='word_1_316' title='bbox 1843 2854 1938 2906; x_wconf 84' lang='lat' dir='ltr'>aut]</span> 
     </span>
     <span class='ocr_line' id='line_1_40' title="bbox 246 2916 1940 2966; baseline -0.001 -8"><span class='ocrx_word' id='word_1_317' title='bbox 246 2922 397 2959; x_wconf 84' lang='lat' dir='ltr'>autem</span> <span class='ocrx_word' id='word_1_318' title='bbox 430 2918 472 2959; x_wconf 84' lang='lat' dir='ltr'>A</span> <span class='ocrx_word' id='word_1_319' title='bbox 512 2922 561 2959; x_wconf 92' lang='lat' dir='ltr'>ut</span> <span class='ocrx_word' id='word_1_320' title='bbox 591 2918 674 2959; x_wconf 91' lang='lat' dir='ltr'>BE</span> <span class='ocrx_word' id='word_1_321' title='bbox 833 2930 971 2960; x_wconf 91' lang='lat' dir='ltr'>omne</span> <span class='ocrx_word' id='word_1_322' title='bbox 1005 2918 1137 2960; x_wconf 81' lang='lat' dir='ltr'>Grat.</span> <span class='ocrx_word' id='word_1_323' title='bbox 1179 2919 1305 2960; x_wconf 85' lang='lat' dir='ltr'>omni</span> <span class='ocrx_word' id='word_1_324' title='bbox 1368 2959 1371 2961; x_wconf 80' lang='grc'><em>,</em></span> <span class='ocrx_word' id='word_1_325' title='bbox 1463 2916 1514 2957; x_wconf 84' lang='grc'>21</span> <span class='ocrx_word' id='word_1_326' title='bbox 1562 2918 1649 2966; x_wconf 90' lang='lat' dir='ltr'>ipsi</span> <span class='ocrx_word' id='word_1_327' title='bbox 1691 2916 1772 2958; x_wconf 88' lang='lat' dir='ltr'>BE</span> <span class='ocrx_word' id='word_1_328' title='bbox 1811 2917 1940 2966; x_wconf 90' lang='lat' dir='ltr'>ipsos</span> 
     </span>
    </p>

    <p class='ocr_par' dir='ltr' id='par_1_12' title="bbox 322 2977 709 3018">
     <span class='ocr_line' id='line_1_41' title="bbox 322 2977 709 3018; baseline 0.003 -1"><span class='ocrx_word' id='word_1_329' title='bbox 322 2977 377 3017; x_wconf 88' lang='lat'>25</span> <span class='ocrx_word' id='word_1_330' title='bbox 411 2979 466 3017; x_wconf 88' lang='lat' dir='ltr'>iis</span> <span class='ocrx_word' id='word_1_331' title='bbox 500 2979 603 3018; x_wconf 87' lang='lat' dir='ltr'>edd.</span> <span class='ocrx_word' id='word_1_332' title='bbox 638 2979 709 3018; x_wconf 89' lang='lat' dir='ltr'>his</span> 
     </span>
    </p>
   </div>
  </div>
 </body>
</html>
