2046 3138
118 654 174 702 11

113 1399 164 1440 31

204 147 308 197 170
434 166 436 169 v
620 136 707 183 DE
739 134 992 183 FINIBUS
1025 134 1175 207 BON,
1208 134 1287 180 ΕΤ
1319 134 1472 180 MAL.
1587 138 1973 180 Lib.Vc.10—11

200 289 310 339 quo
343 275 514 326 modo
551 287 610 325 se
643 274 860 332 habeat,
893 272 1028 323 nihil
1065 286 1167 324 sua
1202 278 1422 323 censeat
1455 272 1735 323 interesse.
1780 271 1883 323 tol-

196 349 338 400 letur
359 349 505 399 enim
528 348 811 411 appetitus
829 347 1016 406 animi,
1037 347 1098 405 si,
1118 347 1256 398 utin
1282 347 1350 397 iis
1375 346 1555 404 rebuS‚
1579 346 1719 396 inter
1746 360 1885 408 quas

197 422 330 473 nihil
365 423 607 481 interest,
639 427 890 473 neutram
922 421 979 471 in
1009 426 1222 484 partem
1255 421 1646 484 propensiores
1678 434 1885 478 sumuS,

199 498 330 548 item
362 497 417 547 in
449 496 727 547 nobismet
756 496 894 559 ipsis
927 509 1089 558 quem
1122 494 1195 546 ad
1226 494 1455 545 modum
1487 494 1678 546 affecti
1713 495 1884 545 simus

198 570 334 621 nihil
365 576 558 622 nostra
589 570 978 621 arbitrabimur
1009 570 1298 620 interesse.v
1932 584 1955 619 5

270 645 453 708 Atque
488 644 654 696 etiam
692 644 830 694 illud
869 645 914 695 si
951 643 1043 707 qui
1082 643 1262 694 dicere
1297 642 1445 701 velit,
1482 642 1885 706 perabsurdum

200 719 286 777 sit,
322 719 400 770 ita
439 719 596 782 diligi
632 733 666 769 a
703 722 1152 782 sese‘quemque
1189 723 1250 768 ut
1286 730 1352 768 ea
1388 717 1474 768 vis
1498 716 1775 779 diligendi
1809 715 1884 766 ad

200 793 366 844 aliam
408 807 522 844 rem
566 793 886 856 quampiam
926 791 1211 850 referatur,
1250 805 1362 842 non
1404 791 1476 841 ad
1517 804 1643 841 eum
1685 791 1885 853 ipsum,

201 868 294 930 qui
328 881 450 919 sese
483 867 695 930 diligat.
737 867 844 918 hoc
875 880 998 917 cum
1032 866 1088 916 in
1119 866 1390 923 amicitiis,
1424 878 1547 916 cum
1580 865 1635 914 in
1663 864 1886 922 officiiS,

198 956 321 992 cum
374 942 429 991 in
479 941 777 992 virtutibus
831 940 1044 999 dicitur,
1101 939 1623 1003 quomodocumque
1675 938 1887 995 dicitur,
1913 957 1957 992 ιο

203 1015 447 1079 intellegi
475 1021 659 1066 tamen
689 1015 821 1078 quid
852 1014 1066 1065 dicatur
1093 1019 1292 1077 potest,
1322 1014 1376 1062 in
1404 1012 1681 1064 nobismet
1702 1017 1886 1063 autem

198 1091 336 1152 ipsis
363 1087 502 1157 (ne)
526 1089 772 1153 intellegi
799 1090 1038 1152 quidem,
1077 1086 1206 1154 <ut>
1251 1093 1477 1150 propter
1501 1087 1667 1137 aliam
1698 1101 1888 1149 quam-

201 1165 350 1228 piam
384 1178 514 1223 rem,
549 1164 703 1215 verbi
737 1165 917 1228 gratia
950 1168 1175 1226 propter
1209 1162 1570 1225 voluptatem,
1603 1175 1707 1212 nos
1740 1174 1888 1211 ame-

200 1241 349 1297 mus;
377 1242 604 1302 propter
630 1252 733 1289 nos
761 1239 907 1289 enim
934 1237 1102 1295 illam,
1130 1251 1241 1287 non
1269 1242 1495 1299 propter
1519 1250 1643 1286 eam
1670 1241 1889 1286 nosmet

200 1316 355 1378 ipsos
387 1315 690 1378 diligimus.
717 1345 719 1348 -
1915 1328 1957 1363 15

274 1389 624 1452 Quamquam
669 1388 802 1452 quid
846 1393 944 1446 est,
988 1387 1138 1450 quod
1179 1387 1359 1450 magis
1404 1386 1758 1449 perspicuum
1802 1385 1886 1443 sit,

203 1459 440 1529 <quam>
470 1477 583 1514 non
607 1462 786 1513 ‘modo
819 1476 1006 1512 carum
1039 1462 1142 1513 sibi
1178 1474 1466 1524 quemque,
1496 1474 1689 1511 verum
1720 1460 1887 1510 etiam

200 1538 554 1588 vehementer
600 1540 787 1588 carum
834 1537 996 1587 esse?
1052 1536 1175 1598 quis
1220 1540 1304 1586 est
1350 1535 1496 1586 enim
1542 1539 1638 1585 aut
1684 1539 1886 1596 quotus

202 1612 450 1675 quisque,
495 1611 597 1670 cui,
642 1625 794 1662 mors
838 1624 960 1660 cum
1004 1610 1430 1672 adpropinquet,
1475 1623 1586 1659 non
1630 1604 1888 1671 ‘refugiat

201 1686 395 1737 timido
429 1690 680 1749 sanguen
714 1689 878 1751 atque
907 1686 1219 1738 exalbescat
1253 1679 1461 1734 metu'?
1500 1682 1605 1733 etsi
1638 1682 1746 1732 hoc
1771 1683 1889 1744 qui·
1915 1699 1960 1734 20

204 1761 329 1811 dem
377 1765 462 1811 est
509 1761 566 1813 in
611 1760 763 1818 vitio,
812 1758 1237 1810 dissolutionem
1285 1763 1516 1808 naturae
1563 1762 1676 1807 tam
1723 1756 1888 1806 valde

202 1834 616 1896 perhorrescere
663 1862 724 1868 —
771 1833 922 1896 quod
967 1833 1097 1884 item
1141 1837 1226 1883 est
1270 1830 1787 1894 reprehendendum
1831 1831 1886 1879 in

205 1907 398 1960 dolore
437 1936 515 1966 —,
557 1907 656 1959 sed
697 1907 827 1970 quia
864 1906 980 1957 fere
1022 1907 1102 1957 sic
1138 1906 1464 1956 afficiuntur
1502 1918 1710 1962 omnes,
1753 1904 1887 1955 satis

202 1982 514 2045 argumenti
557 1987 641 2032 est
684 1981 754 2032 ab
796 1981 1018 2031 interitu
1059 1985 1314 2031 naturam
1358 1979 1677 2035 abhorrere;
1720 1978 1886 2040 idque

204 2070 314 2119 quo
342 2056 523 2119 magis
555 2055 781 2119 quidam
809 2056 888 2106 ita
915 2054 1139 2113 faciunt,
1170 2059 1231 2105 ut
1258 2054 1375 2104 iure
1403 2054 1569 2104 etiam
1598 2052 1888 2115 reprehen-
1914 2071 1958 2106 25

205 2130 420 2189 dantur,
455 2130 561 2180 hoc
594 2130 776 2192 magis
809 2128 1244 2192 intellegendum
1277 2133 1362 2179 est
1395 2127 1532 2178 haec
1564 2127 1686 2189 ipsa
1719 2126 1890 2176 nimia

205 2205 259 2254 in
295 2203 629 2268 quibusdam
665 2203 854 2254 futura
885 2217 997 2254 non
1032 2202 1221 2260 fuisse,
1257 2202 1363 2253 nisi
1399 2201 1671 2264 quaedam
1706 2205 1891 2251 essent

205 2278 427 2331 modica
463 2283 678 2329 natura.
728 2291 831 2328 nec
866 2290 999 2327 vero
1039 2276 1163 2327 dico
1204 2290 1395 2327 eorum
1434 2280 1642 2326 metum
1682 2275 1890 2331 mortis,

209 2353 316 2415 qui,
356 2353 486 2415 quia
524 2351 826 2414 privarise
862 2351 1010 2402 vitae
1048 2350 1209 2401 bonis
1246 2349 1592 2407 arbitrentur,
1629 2354 1725 2399 aut
1764 2349 1892 2410 quia

208 2426 478 2489 quasdam
515 2431 643 2488 post
677 2430 910 2476 mortem
945 2424 1272 2475 formidines
1306 2425 1679 2480 extimescant,
1715 2427 1811 2472 aut
1846 2422 1891 2471 si
1917 2442 1962 2476 30

281 2554 307 2594 3
340 2564 498 2594 sumus
529 2554 686 2594 Lamb.
719 2554 861 2593 simus
983 2552 1010 2592 4
1042 2552 1184 2592 simus
1215 2551 1252 2592 B
1289 2561 1446 2591 sumus
1574 2550 1600 2590 5
1633 2550 1897 2589 arbitramur

207 2613 344 2654 RNV
449 2612 476 2652 6
509 2613 587 2662 qui
618 2613 720 2653 Bai.
754 2612 866 2662 quid
896 2605 1097 2652 BERN¹
1129 2612 1231 2660 quis
1262 2604 1377 2651 N²v
1481 2609 1509 2649 8
1540 2609 1690 2658 ipsum
1722 2608 1764 2649 V
1794 2609 1895 2657 ipse

285 2671 340 2712 10
364 2671 898 2721 quoquomodocumque
921 2670 1005 2710 BE
1100 2669 1149 2710 11
1178 2670 1292 2719 ipsis
1315 2671 1467 2709 autem
1491 2668 1574 2708 BE
1606 2669 1719 2717 ipsis
1743 2669 1893 2706 autem

208 2730 322 2780 ipsis
352 2731 391 2772 R
533 2741 594 2772 ne
629 2732 676 2772 et
705 2733 754 2771 ut
785 2731 897 2772 add.
927 2729 979 2770 A.
1011 2730 1138 2770 Man.
1173 2725 1384 2779 (intelligi
1423 2738 1483 2768 ne
1515 2728 1701 2777 quidem
1732 2727 1782 2766 ut
1811 2718 1894 2775 ΝΞ)

286 2789 340 2830 17
373 2791 485 2831 add.
514 2792 615 2831 cod.
644 2788 856 2840 Gloyav„
887 2790 938 2830 P.
955 2790 1084 2830 Man.
1209 2787 1262 2828 18
1296 2787 1399 2837 quis
1430 2790 1501 2827 est
1621 2789 1744 2826 metu
1774 2784 1894 2826 Non.

207 2861 253 2898 p.
278 2853 356 2889 224
479 2848 532 2889 19
565 2850 762 2899 quisque
794 2851 864 2889 est
895 2849 967 2889 cui
998 2847 1118 2888 Non.
1218 2848 1343 2896 adpr.
1375 2845 1494 2886 Non.
1527 2855 1654 2894 appr.
1753 2843 1897 2894 fugiat

210 2907 329 2948 Non.
436 2907 495 2948 20
525 2909 685 2950 timido
717 2918 929 2958 sanguen
951 2907 1071 2948 Non.
1103 2907 1290 2947 timidos
1314 2905 1479 2955 anguis
1502 2903 1681 2945 BERN
1690 2897 1705 2922 ²
1734 2903 1897 2943 timido

212 2966 402 3016 sanguis
432 2967 473 3008 N
481 2960 545 3008 'V
665 2966 720 3007 27
755 2967 938 3008 modica
968 2969 1131 3007 natura
1159 2967 1316 3006 essent
1344 2962 1427 3004 BE
