2046 3138
108 752 163 792 60

104 1495 155 1536 61

199 167 270 217 26
624 159 709 205 DE
743 158 995 205 FINIBUS
1030 157 1179 205 BON.
1212 157 1291 203 ET
1324 158 1478 205 MAL.
1612 162 1981 205 Lib.Ic.18—19

199 302 390 352 inanes
423 300 749 359 divitiarum,
780 299 1002 364 gloriae,
1037 299 1444 357 dominationiS,
1477 298 1889 351 libidinosarum

199 377 362 426 etiam
413 375 775 438 voluptatum.
841 374 1110 425 accedunt
1158 373 1541 437 aegritudines
1589 373 1889 434 molestiae,

198 463 487 508 maeroreS,
531 450 625 512 qui
667 449 906 500 exedunt
937 450 1152 499 animos
1187 448 1591 511 conficiuntque
1624 450 1763 499 curis
1795 450 1891 500 ho-

198 525 406 574 minum
439 538 552 575 non
586 523 1021 587 intellegentium
1054 522 1188 572 nihil
1215 521 1515 573 dolendum
1542 536 1664 573 esse
1689 525 1889 583 animo,

198 598 347 661 quod
374 599 442 648 sit
467 611 500 648 a
525 598 716 649 dolore
740 599 983 660 corporis
1009 597 1281 660 praesenti
1299 596 1550 648 futurove
1569 598 1888 649 seiunctum.
1935 608 1957 643 5

196 687 298 723 nec
314 686 445 723 vero
473 674 764 736 quisquam
791 672 986 723 stultus
1010 686 1123 723 non
1149 671 1343 722 horum
1370 671 1684 722 morborum
1703 672 1887 736 aliquo

198 747 422 807 laborat,
454 761 619 798 nemo
646 748 806 811 igitur
832 751 914 798 est
938 760 1050 797 non
1077 747 1253 797 miser.
1301 745 1512 796 accedit
1538 747 1701 797 etiam
1727 761 1888 806 morS,

196 836 339 885 quae
364 822 522 885 quasi
549 835 741 872 saxum
768 821 998 872 Tantalo
1017 834 1234 883 semper
1251 820 1546 882 impendet,
1571 826 1686 871 tum
1706 835 1889 884 super-

195 897 356 955 stitio,
391 910 501 959 qua
532 897 626 959 qui
661 901 743 946 est
768 897 1008 946 imbutus
1035 896 1252 958 quietus
1278 908 1400 945 esse
1434 909 1737 958 numquam
1772 901 1889 958 pot-

196 976 290 1022 est.
346 975 625 1034 praeterea
664 971 813 1021 bona
853 971 1140 1033 praeterita
1171 983 1284 1020 non
1317 971 1694 1029 meminerunt,
1737 984 1888 1033 prae-
1913 979 1956 1014 10

195 1046 440 1096 sentibus
485 1059 597 1096 non
642 1045 900 1104 fruuntur,
948 1044 1124 1095 futura
1172 1044 1340 1094 modo
1394 1049 1696 1107 expectant,
1745 1059 1888 1107 quae

195 1121 324 1182 quia
356 1124 501 1170 certa
533 1134 655 1170 esse
687 1134 800 1170 non
834 1123 1081 1182 possunt,
1121 1118 1480 1169 conficiuntur
1512 1123 1566 1169 et
1597 1132 1803 1182 angore
1837 1125 1889 1169 et

195 1199 342 1245 metu
376 1195 725 1257 maximeque
759 1194 1074 1252 cruciantur,
1109 1207 1233 1243 cum
1267 1206 1388 1244 sero
1423 1194 1665 1243 sentiunt
1696 1193 1888 1244 frustra

194 1283 253 1319 se
287 1274 379 1318 aut
412 1270 679 1331 pecuniae
713 1268 988 1318 studuisse
1029 1273 1122 1318 aut
1162 1268 1402 1330 imperiis
1437 1272 1529 1317 aut
1563 1268 1762 1330 opibus
1795 1275 1888 1319 aut

192 1343 414 1407 gloriae.
470 1343 649 1393 nullas
682 1344 828 1393 enim
863 1347 1272 1405 consequuntur
1295 1342 1623 1404 voluptates,
1656 1356 1885 1405 quarum
1914 1351 1956 1387 15

194 1418 439 1480 potiendi
466 1432 565 1480 spe
586 1417 908 1467 inflammati
934 1417 1136 1467 multos
1162 1416 1378 1467 labores
1404 1430 1751 1480 magnosque
1772 1431 1888 1467 sus-

194 1497 463 1555 ceperant.
520 1506 646 1543 ecce
680 1497 863 1542 autern
897 1491 987 1541 alii
1020 1492 1213 1541 minuti
1248 1495 1301 1541 et
1332 1492 1550 1554 angusti
1584 1496 1676 1541 aut
1701 1493 1888 1542 omnia

194 1581 410 1629 semper
442 1567 797 1629 desperantes
830 1571 923 1616 aut
947 1565 1207 1624 malivoli,
1242 1565 1428 1624 invidi,
1462 1565 1725 1625 difficileS,
1758 1566 1888 1616 luci-

193 1642 321 1704 fugi,
361 1641 629 1700 maledici,
670 1642 1018 1698 monstruosi,
1063 1640 1153 1690 alii
1195 1645 1378 1690 autem
1412 1641 1575 1690 etiam
1609 1642 1886 1691 amatoriis

193 1716 505 1766 levitatibus
539 1716 723 1774 dediti,
757 1715 847 1765 alii
874 1715 1197 1778 petulanteS,
1231 1714 1321 1763 alii
1348 1714 1602 1773 audaceS,
1635 1716 1885 1777 protervi,
1908 1724 1953 1759 20

137 1832 140 1835 .
194 1790 338 1840 idem
378 1791 801 1853 intemperantes
844 1795 897 1841 et
937 1790 1138 1852 ignavi,
1179 1803 1481 1852 numquam
1522 1790 1576 1839 in
1617 1791 1886 1840 sententia

194 1869 590 1927 permanenteS,
632 1879 769 1927 quas
811 1864 883 1914 ob
925 1877 1119 1914 causas
1161 1865 1214 1912 in
1257 1877 1444 1914 eorum
1476 1865 1591 1913 vita
1621 1863 1772 1914 nulla
1805 1870 1886 1915 est

193 1939 544 2001 intercapedo
567 1939 869 1989 molestiae.
910 1939 1071 2001 igitur
1087 1952 1269 2000 neque
1288 1937 1573 1988 stultorum
1593 1939 1883 2001 quisquam

191 2014 384 2063 beatus
395 2027 576 2077 neque
587 2014 917 2076 sapientium
928 2027 1040 2063 non
1051 2012 1259 2062 beatuS.
1278 2012 1563 2075 Multoque
1574 2012 1679 2063 hoc
1689 2012 1884 2063 melius

190 2102 293 2138 nos
311 2089 604 2151 veriusque
630 2102 795 2151 quam
816 2087 998 2138 Stoici.
1047 2087 1122 2136 illi
1150 2087 1294 2137 enim
1312 2091 1516 2150 negant
1536 2101 1657 2137 esse
1674 2088 1882 2138 bonum
1907 2097 1951 2131 25

191 2163 485 2225 quicquam
498 2164 601 2212 nisi
615 2163 803 2213 nescio
815 2176 981 2225 quam
997 2161 1144 2211 illam
1159 2161 1423 2220 umbram,
1439 2161 1590 2224 quod
1605 2162 1884 2224 appellant

192 2237 483 2287 honestum
502 2242 744 2287 nontam
764 2236 943 2287 solido
964 2249 1128 2298 quam
1156 2235 1447 2298 splendido
1465 2237 1704 2294 nomine,
1721 2237 1884 2286 virtu-

191 2316 300 2362 tem
335 2316 518 2362 autem
551 2312 735 2361 nixam
770 2311 877 2362 hoc
902 2311 1136 2361 honesto
1163 2310 1369 2360 nullam
1395 2311 1665 2372 requirere
1688 2311 1883 2373 volup-

190 2390 356 2436 tatem
382 2390 547 2449 atque
566 2386 635 2435 ad
662 2386 822 2436 beate
839 2385 1140 2435 vivendum
1174 2398 1233 2434 se
1259 2385 1381 2446 ipsa
1405 2398 1527 2434 esse
1554 2389 1881 2436 contentam.

266 2547 285 2587 1
322 2548 487 2589 inanes
518 2548 560 2588 V
590 2549 802 2590 inmanes
833 2548 876 2588 A
917 2547 1099 2589 {manes
1130 2547 1262 2588 BEN
1295 2548 1519 2588 immanes
1550 2547 1588 2588 R
1735 2547 1880 2587 domi-

190 2607 403 2649 nationes
435 2605 616 2648 ABER
736 2608 763 2649 3
796 2609 1027 2649 excedunt
1056 2607 1236 2648 BERN
1364 2606 1392 2647 8
1424 2607 1649 2656 impendit
1679 2606 1763 2646 ΒΕ

189 2666 216 2708 9
250 2668 343 2708 inb.
375 2666 459 2708 BE
582 2666 636 2707 12
669 2665 989 2717 conficiuntur]
1024 2666 1081 2708 cu
1113 2667 1326 2708 ficiuntur
1356 2660 1422 2707 Α1
1429 2666 1469 2707 R
1497 2663 1567 2717 ’ὁ
1573 2665 1786 2707 ficiuntur
1815 2659 1882 2706 Α2

266 2725 320 2766 17
353 2737 463 2768 ecce
495 2729 712 2767 autem—
726 2724 1019 2776 monstruosi]
1052 2726 1171 2768 Non.
1201 2739 1249 2778 p.
1256 2730 1364 2815 345.
1495 2722 1588 2775 aut]
1629 2728 1677 2765 ut
1711 2724 1797 2765 BE
1836 2728 1881 2766 et

187 2814 307 2856 Non.
446 2815 501 2856 19
538 2817 814 2856 monstruosi
846 2810 907 2857 R¹
929 2816 1048 2857 Non.
1091 2790 1336 2857 monstrosi
1369 2811 1444 2864 (=
1471 2795 1812 2863 monstricosi'?)
1844 2813 1879 2854 E

189 2876 434 2916 monstrosi
465 2876 563 2917 rell.
590 2876 740 2925 codd„
773 2876 942 2916 morosi
966 2876 1122 2917 Lamb.
1234 2875 1292 2915 24
1323 2875 1600 2924 sapientium
1624 2872 1664 2914 R
1693 2873 1878 2922 sapien-

188 2934 307 2974 cium
324 2933 360 2974 E
384 2935 644 2984 sapientum
667 2930 841 2983 (neque
862 2935 1139 2984 sapientium
1162 2946 1255 2975 non
1277 2935 1440 2975 beatus
1461 2944 1549 2974 om.
1564 2929 1624 2983 N)
1717 2931 1773 2972 25
1798 2942 1878 2973 ne-

187 2995 299 3043 gant
329 2993 451 3033 enim
485 2993 567 3033 BE
