2046 3138
51 148 80 200 §
108 150 221 192 1-5
339 154 343 157 “
399 203 402 206 ¹
560 143 646 191 DE
678 142 932 192 FINIBUS
965 141 1115 192 BON.
1149 143 1227 191 ET
1260 142 1412 192 MAL.
1736 152 1836 202 157

215 284 357 335 Tum
405 282 773 347 Pomponius:
822 284 896 336 At
943 298 1065 348 ego,
1116 298 1279 348 quem
1323 298 1427 336 vos
1476 290 1537 336 ut
1586 283 1836 336 deditum

144 359 380 422 Epicuro
422 358 680 410 insectari
724 358 931 418 soletis,
974 373 1096 410 sum
1138 358 1374 411 multum
1412 358 1670 423 equidem
1713 372 1836 410 cum

144 433 413 493 Phaedro,
479 447 642 496 quem
697 433 858 484 unice
912 433 1101 497 diligo,
1167 439 1228 485 ut
1277 434 1443 493 scitis,
1509 434 1563 484 in
1618 433 1837 497 Epicuri

143 508 333 567 hortiS,
387 521 527 571 quos
580 507 750 559 modo
803 508 1257 571 praeteribamus,
1311 508 1409 559 sed
1456 509 1659 559 veteris
1712 521 1839 572 pro-

98 583 317 635 5verbii
356 582 646 633 admonitu
685 582 943 633 vivorum
981 583 1221 642 memini,
1260 597 1363 634 nec
1393 588 1578 634 tamen
1618 581 1836 646 Epicuri

143 657 270 708 licet
309 656 578 716 oblivisci,
621 657 667 707 si
707 657 943 720 cupiam,
985 658 1141 708 cuius
1176 658 1475 721 imaginem
1514 670 1627 708 non
1665 657 1837 709 modo

142 733 199 782 in
243 731 448 783 tabulis
491 731 667 782 nostri
711 731 1032 791 familiares,
1077 732 1176 783 sed
1209 733 1381 783 etiam
1425 733 1480 782 in
1525 732 1742 795 poculis
1782 737 1836 783 et

142 807 198 856 in
235 805 418 857 anulis
455 806 676 858 habent.
1872 847 1905 896 2

215 882 319 933 Hic
351 896 483 946 ego:
519 883 863 947 Pomponius
899 883 1137 947 quidem,
1173 884 1416 947 inquam,
1445 888 1635 935 noster
1668 884 1836 934 iocari
1872 920 1898 960 4

79 957 378 1016 1ovidetur‚
431 963 485 1009 et
537 957 779 1009 fortasse
832 972 934 1009 suo
987 959 1119 1009 iure.
1167 958 1245 1010 ita
1296 958 1443 1009 enim
1496 972 1555 1010 se
1602 957 1836 1010 Athenis

144 1031 452 1091 collocavit,
494 1038 555 1083 ut
598 1033 669 1084 sit
709 1046 885 1096 paene
927 1047 1071 1083 unus
1107 1046 1175 1083 ex
1214 1032 1428 1091 Atticis,
1470 1038 1530 1084 ut
1566 1032 1622 1083 id
1666 1033 1835 1084 etiam

145 1119 454 1171 cognomen
496 1107 755 1159 videatur
798 1107 1105 1159 habiturus.
1149 1106 1266 1171 Ego
1310 1113 1496 1158 autem
1534 1107 1649 1166 tibi,
1694 1107 1838 1166 Piso,

143 1182 418 1233 assentior
475 1196 582 1233 usu
640 1182 748 1233 hoc
802 1182 1005 1240 venire,
1078 1187 1140 1233 ut
1173 1183 1372 1233 «acrius
1430 1181 1716 1245 aliquanto
1784 1187 1838 1233 et

143 1257 408 1308 attentius
444 1256 513 1307 de
548 1256 710 1307 claris
743 1256 877 1307 viris
911 1256 1160 1308 locorum
1189 1256 1479 1308 admonitu
1514 1257 1837 1320 cogitemus

80 1347 123 1382 15
145 1331 252 1382 scis
295 1332 442 1382 enim
484 1345 573 1382 me
614 1330 859 1394 quodam
902 1336 1151 1394 tempore
1189 1330 1574 1394 Metapontum
1616 1331 1838 1382 venisse

144 1411 325 1457 tecum
362 1419 543 1469 neque
581 1405 653 1456 ad
691 1405 970 1468 hospitem
1009 1410 1136 1456 ante
1171 1405 1490 1465 devertisse,
1531 1414 1696 1469 quam
1736 1405 1838 1470 Py-

143 1480 413 1544 thagorae
469 1481 655 1543 ipsum
712 1479 869 1530 illum
927 1479 1126 1539 locum,
1183 1479 1278 1531 ubi
1329 1480 1503 1532 vitam
1571 1479 1836 1539 ediderat,

145 1554 445 1619 sedemque
496 1554 748 1606 viderim.
800 1554 907 1605 hoc
956 1559 1142 1605 autem
1195 1559 1460 1618 tempore,
1500 1555 1610 1606 etsi
1662 1554 1838 1606 multa

143 1629 200 1679 in
241 1630 392 1680 omni
435 1634 592 1692 parte
630 1628 974 1680 Athenarum
1017 1629 1236 1686 suntin
1277 1629 1415 1692 ipsis
1456 1628 1593 1680 locis
1631 1628 1838 1680 indicia

75 1719 121 1755 20
144 1717 488 1754 summorum
523 1704 785 1762 virorum,
823 1708 1009 1754 tamen
1045 1716 1150 1767 ego
1187 1702 1284 1753 illa
1313 1716 1543 1754 moveor
1577 1703 1836 1755 exhedra.

143 1778 314 1829 modo
346 1779 493 1829 enim
528 1777 636 1829 fuit
667 1777 985 1836 CarneadiS,
1021 1791 1183 1840 quem
1211 1777 1402 1829 videre
1433 1777 1629 1829 videor
1661 1806 1724 1814 -——-
1753 1783 1838 1830 est

144 1853 291 1903 enim
339 1858 474 1904 nota
523 1853 711 1915 imago
761 1881 838 1910 —‚
888 1865 922 1902 a
966 1851 1209 1915 sedeque
1258 1852 1382 1915 ipsa
1429 1858 1584 1904 tanta
1629 1853 1837 1916 ingenii

142 1927 528 1991 magnitudine
574 1927 771 1978 orbata
818 1926 1121 1977 desiderari
1166 1926 1318 1976 illam
1364 1940 1558 1978 vocem
1600 1933 1752 1990 puto.

197 2001 357 2051 Tum
400 2001 554 2051 Piso:
613 2000 890 2057 Quoniam
947 2001 1117 2064 igitur
1171 2000 1644 2064 aliquidomnes,
1704 2002 1836 2065 quid
1872 2011 1897 2051 5

77 2093 122 2128 25
144 2075 345 2126 Lucius
378 2075 606 2126 noster?
651 2075 843 2138 inquit.
888 2088 959 2125 an
993 2088 1119 2126 eum
1149 2074 1332 2126 locum
1367 2075 1600 2127 libenter
1632 2077 1835 2135 invisit,

143 2149 237 2200 ubi
269 2149 673 2200 Demosthenes
705 2154 758 2200 et
787 2148 1090 2200 Aeschines
1121 2150 1262 2200 inter
1288 2163 1346 2200 se
1377 2149 1657 2202 decertare
1687 2151 1835 2203 soliti

146 2224 312 2275 sunt?
368 2237 470 2274 suo
516 2224 662 2274 enim
708 2224 942 2287 quisque
987 2223 1173 2275 studio
1212 2224 1452 2275 maxime
1498 2224 1730 2276 ducitur.

217 2297 283 2349 Et
309 2297 417 2357 ille,
448 2312 571 2348 cum
599 2297 936 2349 erubuisset:
965 2297 1109 2356 Noli,
1132 2298 1324 2361 inquit,
1351 2312 1419 2350 ex
1445 2312 1534 2350 me
1559 2313 1837 2363 quaerere,

145 2373 238 2435 qui
272 2373 328 2422 in
363 2371 710 2423 Phalericum
744 2372 910 2423 etiam
946 2371 1343 2431 descenderim,
1374 2387 1484 2436 quo
1518 2374 1574 2424 in
1607 2373 1731 2426 loco
1762 2375 1835 2425 ad

78 2465 123 2501 30
146 2446 379 2498 fluctum
432 2447 587 2498 aiunt
641 2446 952 2497 declamare
1004 2446 1229 2498 solitum
1282 2446 1729 2508 Demosthenem,
1777 2455 1837 2501 ut

219 2635 246 2675 4
271 2636 629 2685 praeteribamus
655 2637 759 2676 edd.
785 2636 1173 2685 praeteriebamus
1265 2635 1291 2676 5
1318 2646 1404 2677 nec
1427 2638 1584 2677 tamen
1607 2665 1664 2680 ...
1690 2638 1840 2678 anulis

144 2694 318 2735 habent
347 2694 467 2735 Non.
497 2706 545 2745 ρ.
574 2698 622 2735 70
727 2695 991 2744 epicureum
1022 2694 1142 2736 Non.
1265 2694 1292 2736 8
1324 2693 1490 2745 anulis]
1525 2697 1688 2738 anellis
1718 2696 1839 2739 Non.

144 2754 291 2795 anelis
322 2754 360 2795 R
392 2755 555 2795 ambus
588 2754 737 2795 anulis
768 2754 810 2795 V
930 2755 1166 2796 habebant
1195 2754 1316 2796 Non.
1442 2755 1495 2797 13
1528 2759 1577 2796 ut
1608 2757 1756 2798 acrius

144 2815 401 2863 cogitemus
432 2813 552 2854 Non.
583 2826 631 2864 p.
658 2817 746 2864 190,
767 2818 839 2855 191
952 2814 1006 2855 14
1040 2815 1326 2855 admonitum
1358 2814 1479 2856 Non.
1591 2815 1645 2856 16
1679 2817 1838 2858 dever-

143 2873 254 2914 tisse
270 2873 483 2915 Lambini
515 2876 648 2914 vetus
679 2875 781 2915 cod.
814 2875 862 2914 ἰη
887 2885 1036 2926 mar-9.
1062 2876 1133 2915 ed.
1158 2885 1282 2926 rep.‚·
1307 2875 1547 2917 divertisse
1642 2875 1694 2916 21
1733 2875 1837 2917 Car-

145 2933 308 2972 neadis
339 2933 463 2974 Mdv.
496 2933 748 2974 carneades
838 2933 895 2974 22
927 2934 1041 2974 tanti
1073 2934 1160 2975 RN
1260 2934 1317 2975 25
1350 2932 1560 2984 libenter]
1596 2935 1840 2986 diligenter

146 2990 182 3032 R
303 2992 358 3032 27
392 2994 514 3033 enim
548 3004 667 3034 unus
701 2994 897 3043 quisque
929 2993 1010 3034 BE
