2046 3138
48 143 76 196 §
102 145 278 187 45-49
557 140 644 187 DE
676 138 930 187 FINIBUS
964 138 1114 186 BON.
1149 139 1227 185 ET
1260 138 1413 186 MAL.
1769 147 1838 196 55

140 297 268 333 nam
305 297 370 334 ex
405 283 488 333 his
522 282 690 333 tribus
726 281 996 340 laudibuS,
1039 296 1176 345 quas
1210 287 1338 333 ante
1372 282 1497 341 dixi,
1542 286 1595 333 et
1635 282 1847 332 temeri-

140 362 308 408 tatem
342 357 657 409 reformidat
691 362 743 408 et
775 370 887 407 non
921 356 1090 407 audet
1124 359 1382 421 cuiquam
1416 362 1511 407 aut
1543 357 1688 407 dicto
1725 370 1846 419 pro-

140 437 292 483 tervo
326 437 421 482 aut
454 432 595 483 iacto
630 445 829 483 nocere
861 436 1190 495 vereturque
1225 434 1522 495 quicquam
1548 436 1642 482 aut
1667 431 1845 483 facere

139 511 233 557 aut
266 507 466 570 eloqui,
499 507 650 570 quod
684 520 876 569 parum
908 506 1062 556 virile
1094 506 1358 558 videatur.

93 593 116 628 5
216 581 401 632 Habes
427 581 674 644 undique
700 580 973 643 expletam
1001 586 1053 631 et
1079 581 1389 644 perfectam,
1416 582 1707 644 Torquate,
1741 581 1844 632 ior-

140 670 286 706 mam
314 656 631 715 honestatiS,
666 670 809 719 quae
835 660 949 706 tota
976 661 1232 718 quattuor
1258 656 1342 706 his
1366 657 1673 715 virtutibus,
1700 669 1844 718 quae

1870 477 1933 526 15

1877 551 1935 592 48

140 745 172 781 a
205 735 257 781 te
291 745 515 794 quoque
549 735 1013 782 commemoratae
1047 736 1186 790 sunt,
1232 732 1579 782 continetur.⁴
1610 731 1752 780 hanc
1784 744 1844 781 se

140 810 264 856 tuus
297 805 559 868 Epicurus
593 806 819 856 omnino
854 806 1105 868 ignorare
1139 806 1268 856 dicit
1301 820 1468 869 quarn
1495 810 1589 855 aut
1622 805 1843 868 qualem

142 895 265 931 esse
296 880 469 931 velint
511 882 603 943 qui
645 880 933 931 honestate
975 895 1253 930 summum
1288 881 1498 931 bonum
1539 881 1844 931 metiantur.

78 968 119 1002 ιο
145 954 201 1005 Si
252 956 396 1005 enim
442 955 513 1005 ad
558 955 904 1006 honestatem
946 956 1133 1005 omnia
1176 955 1408 1006 referant
1451 968 1634 1018 neque
1678 956 1733 1004 in
1779 969 1846 1005 ea

141 1029 483 1092 voluptatem
518 1030 702 1079 dicant
734 1031 931 1088 inesse,
965 1031 1040 1079 ait
1073 1044 1169 1081 eos
1194 1045 1335 1082 voce
1368 1031 1517 1080 inani
1551 1044 1748 1081 sonare
1775 1055 1844 1062 —

142 1105 226 1154 his
261 1105 407 1155 enim
454 1105 587 1166 ipsis
627 1104 809 1155 verbis
851 1105 1015 1154 utitur
1049 1130 1118 1136 —
1152 1119 1335 1169 neque
1382 1105 1699 1169 intellegere
1744 1119 1847 1155 nec

143 1179 331 1230 videre
364 1179 467 1229 sub
501 1179 644 1228 hanc
674 1193 872 1230 vocem
906 1179 1210 1230 honestatis
1247 1195 1390 1244 quae
1423 1182 1492 1230 sit
1524 1180 1847 1230 subicienda

141 1255 425 1304 sententia.
482 1258 540 1303 ut
581 1254 726 1304 enim
769 1255 1113 1305 consuetudo
1155 1255 1408 1318 loquitur,
1449 1255 1504 1305 id
1546 1254 1726 1305 solum
1769 1254 1846 1304 di-

0 1367 1 1395 3
77 1341 119 1375 15
144 1330 277 1379 citur
333 1329 642 1388 honestum,
695 1329 847 1392 quod
901 1334 982 1379 est
1034 1329 1286 1392 populari
1334 1330 1481 1379 fama
1528 1330 1846 1393 gloriosum.

0 1400 1 1465 l
146 1398 368 1463 ‘Quod',
402 1405 590 1467 inquit,
619 1399 976 1467 ‘quamquam
1002 1404 1379 1467 voluptatibus
1406 1405 1739 1468 quibusdam
1766 1408 1848 1455 est

145 1493 314 1541 saepe
348 1479 657 1538 iucundius,
691 1483 875 1529 tamen
910 1480 1177 1541 expetitur
1218 1485 1437 1542 propter
1467 1474 1844 1542 voluptatem.'

141 1553 384 1604 Videsne
426 1567 592 1616 quam
639 1555 708 1603 sit
739 1567 944 1617 magna
977 1554 1288 1606 dissensio?
1352 1554 1718 1617 philosophus
1751 1568 1847 1605 no·
1879 1560 1937 1601 49

144 1628 281 1687 bilis,
315 1642 349 1678 a
382 1642 493 1691 quo
527 1642 639 1679 non
673 1628 853 1679 solum
881 1627 1110 1679 Graecia
1136 1634 1189 1679 et
1213 1629 1379 1688 Italia,
1413 1630 1513 1680 sed
1540 1631 1704 1680 etiam
1731 1643 1847 1680 om-

75 1715 119 1750 20
144 1704 227 1753 nis
261 1703 511 1753 barbaria
545 1707 823 1754 commota
856 1708 951 1762 est,
985 1703 1279 1754 honestum
1307 1704 1439 1767 quid
1466 1705 1548 1763 sit,
1581 1705 1627 1754 si
1653 1704 1708 1754 id
1734 1718 1846 1755 non

146 1779 214 1828 sit
255 1779 308 1827 in
341 1777 642 1840 voluptate,
687 1782 855 1842 negat
895 1792 956 1828 se
996 1778 1328 1842 intellegere,
1373 1780 1477 1830 nisi
1522 1779 1658 1830 forte
1698 1778 1848 1837 illud,

146 1853 298 1915 quod
344 1852 704 1903 multitudinis
748 1867 966 1904 rumore
1014 1853 1279 1904 laudetur.
1353 1867 1458 1918 ego
1508 1858 1692 1904 autem
1742 1854 1848 1905 hoc

146 1929 309 1978 etiam
343 1932 498 1990 turpe
533 1942 655 1979 esse
689 1941 858 1990 saepe
891 1928 1073 1979 iudico
1110 1933 1175 1987 et,
1210 1929 1255 1979 si
1285 1929 1509 1992 quando
1544 1933 1700 1992 turpe
1733 1943 1846 1980 non

146 2003 228 2061 sit,
261 1995 375 2052 tum
411 2016 533 2053 esse
566 2017 678 2054 non
713 2007 884 2065 turpe,
918 2017 1042 2052 cum
1068 2003 1123 2053 id
1149 2017 1182 2053 a
1207 2003 1556 2054 multitudine
1581 2003 1847 2063 laudetur,

77 2089 121 2123 25
147 2077 298 2140 quod
332 2078 401 2127 sit
432 2078 614 2140 ipsum
649 2091 743 2140 per
776 2091 836 2128 se
868 2082 1074 2128 rectum
1101 2083 1267 2141 atque
1301 2078 1593 2137 laudabile,
1627 2092 1739 2130 non
1774 2078 1846 2129 ob

145 2166 268 2202 eam
302 2165 530 2202 causam
563 2157 747 2202 tamen
773 2151 907 2202 illud
934 2152 1040 2202 dici
1074 2166 1196 2203 esse
1229 2153 1539 2212 honestum,
1573 2154 1703 2216 quia
1734 2153 1849 2203 lau-

145 2227 300 2277 detur
341 2241 374 2276 a
406 2226 606 2285 multiS,
646 2227 744 2276 sed
786 2227 915 2289 quia
948 2226 1055 2277 tale
1096 2228 1177 2286 sit,
1219 2232 1291 2286 ut,
1331 2227 1421 2278 vel
1455 2228 1500 2278 si
1534 2229 1847 2291 ignorarent

145 2302 199 2351 id
233 2301 503 2360 homineS,
542 2301 631 2351 vel
665 2302 710 2351 si
744 2301 1164 2361 obmutuissent,
1203 2316 1305 2352 sua
1337 2307 1521 2353 tamen
1555 2302 1848 2366 pulchritu-

145 2376 272 2426 dine
321 2380 466 2426 esset
517 2377 815 2439 specieque
867 2375 1159 2428 laudabile.
1230 2377 1416 2440 itaque
1463 2377 1610 2428 idem
1655 2382 1848 2428 natura

76 2461 122 2496 30
145 2452 336 2510 victUS‚
383 2451 469 2501 cui
503 2451 695 2502 obsisti
729 2465 840 2502 non
876 2455 1070 2513 potest,
1113 2451 1241 2502 dicit
1280 2451 1389 2503 alio
1424 2452 1547 2504 loco
1582 2452 1652 2511 id,
1694 2453 1845 2516 quod

220 2628 248 2668 6
281 2629 366 2680 hys
399 2631 613 2679 quattuor
643 2628 726 2669 BE
825 2628 853 2669 9
886 2629 948 2680 hy
980 2630 1058 2679 qui
1090 2629 1171 2670 BE
1202 2631 1234 2671 ii
1267 2631 1346 2681 qui
1376 2631 1502 2672 Mdv.
1602 2631 1847 2674 honestate

146 2689 249 2730 edd.
290 2688 582 2730 honestatem
723 2688 780 2729 10
812 2685 876 2738 Si]
912 2688 988 2730 Sic
1019 2688 1102 2730 BE
1245 2690 1537 2732 honestatem
1570 2691 1694 2732 enim
1736 2687 1846 2741 (om.

146 2745 225 2798 ad)
261 2742 328 2789 Α1
367 2748 427 2789 ad
467 2749 759 2790 honestatem
801 2749 924 2790 enim
965 2741 1031 2789 A²
1174 2750 1370 2791 referant
1400 2751 1550 2792 Bentl.
1598 2750 1849 2792 referantur

224 2806 274 2848 11
311 2808 438 2848 inani
478 2818 594 2849 voce
633 2807 672 2849 R
817 2807 871 2850 13
912 2808 1033 2850 hanc
1071 2819 1235 2851 vocem
1273 2810 1386 2851 Wes.
1426 2811 1558 2861 apud
1594 2810 1719 2852 Mdv.
1759 2811 1847 2853 hac

146 2877 264 2908 voce
414 2867 472 2908 20
504 2879 600 2909 non
639 2869 698 2909 sit
729 2867 852 2909 Mdv.
893 2878 989 2909 non
1028 2871 1098 2910 est
1249 2869 1306 2910 22
1346 2867 1543 2919 rumore]
1586 2863 1848 2923 milnoreR

147 2926 309 2968 timore
340 2926 433 2968 NV
584 2927 641 2968 25
672 2931 828 2969 tamen
860 2938 956 2970 non
989 2929 1050 2969 ob
1082 2940 1185 2970 eam
1219 2939 1406 2970 causam
1438 2928 1525 2970 BE
1672 2929 1730 2971 26
1761 2930 1845 2973 ho-

148 2988 328 3026 nestum
361 2997 466 3028 esse
498 2986 581 3027 BE
