2046 3138
0 0 8 171 Ι

66 153 94 204 ἓ
120 155 294 197 50—55
405 216 407 219 Ι
572 150 657 197 DE
690 150 943 197 FINIBUS
977 149 1126 197 BON.
1162 150 1239 196 ET
1273 148 1424 196 MAL.
1747 156 1849 207 183

153 294 474 340 vamentum
505 288 868 341 miseriarum.
919 289 1106 352 itaque
1134 287 1309 347 multi,
1338 302 1462 339 cum
1489 288 1543 339 in
1574 292 1850 351 potestate

157 369 342 415 essent
392 362 635 415 hostium
688 368 784 414 aut
834 368 1210 427 tyrannorum,
1260 362 1419 414 multi
1471 363 1527 413 in
1579 361 1848 420 custodia,

156 437 315 489 multi
363 438 418 488 in
467 437 633 489 exilio
683 437 933 489 dolorem
982 452 1143 490 suurn
1194 437 1478 489 doctrinae
1526 437 1726 488 studiis
1775 436 1850 487 le-

156 517 443 564 vaverunt.
478 512 736 575 princeps
760 512 925 564 huius
949 512 1189 564 civitatis
1211 512 1511 563 Phalereus
1537 511 1850 566 Demetrius
1884 519 1941 560 54

112 600 282 637 scum
327 587 508 650 patria
552 585 749 649 pulsus
793 592 940 638 esset
983 587 1196 645 iniuria,
1242 586 1314 638 ad
1359 585 1743 638 Ptolomaeum
1790 599 1849 637 se

158 674 344 724 regem
371 660 780 713 Alexandream
810 661 1056 712 contulit.
1095 662 1188 724 qui
1216 675 1340 712 curn
1369 662 1424 712 in
1450 661 1556 712 hac
1580 660 1704 724 ipsa
1733 660 1852 724 phi-

157 734 430 798 losophia,
454 734 526 785 ad
553 749 719 798 quam
744 740 797 787 te
819 735 1119 794 hortamur,
1143 735 1436 787 excelleret
1458 735 1852 798 Theophrasti-

158 823 264 872 que
301 814 450 860 esset
485 805 724 868 auditor,
761 809 937 860 multa
974 809 1258 872 praeclara
1295 810 1351 860 in
1388 809 1484 861 illo
1524 809 1850 861 calamitoso

158 884 273 935 otio
319 884 540 947 scripsit
583 898 695 935 non
739 883 812 935 ad
856 899 1019 936 usum
1065 884 1307 948 aliquem
1352 899 1531 943 suum,
1577 898 1687 947 quo
1732 889 1851 938 erat

94 974 137 1010 10
159 958 402 1017 orbatus,
447 958 546 1010 sed
590 959 760 1011 animi
804 958 985 1015 cultus
1027 958 1120 1010 ille
1163 965 1282 1010 erat
1323 959 1372 1010 ei
1417 959 1576 1022 quasi
1621 958 1849 1023 quidam

158 1032 519 1085 humanitatis
562 1033 732 1084 cibus,
786 1033 1043 1097 equidem
1085 1047 1114 1084 e
1156 1032 1511 1091 Cn.Aufidio‚
1556 1033 1850 1097 praetorio,

158 1106 377 1159 erudito
422 1107 661 1167 homine,
708 1107 884 1160 oculis
930 1113 1108 1171 capto,
1154 1121 1323 1171 saepe
1368 1107 1680 1166 audiebam,
1727 1121 1851 1158 cum

160 1195 219 1232 se
244 1180 383 1233 lucis
409 1183 590 1246 magis
617 1196 783 1246 quam
808 1182 1064 1234 utilitatis
1091 1182 1370 1234 desiderio
1395 1183 1606 1233 moveri
1632 1182 1853 1234 diceret.

160 1269 417 1311 somnum
456 1256 696 1320 denique
734 1256 911 1316 nobis,
949 1257 1055 1308 nisi
1092 1257 1394 1320 requietem
1435 1256 1761 1320 corporibus
1796 1262 1853 1308 et

94 1347 137 1382 15
159 1330 489 1382 medicinam
527 1331 809 1395 quandam
847 1331 1054 1383 laboris
1090 1331 1334 1391 afferret,
1371 1336 1561 1383 contra
1597 1336 1853 1385 naturam

160 1410 483 1468 putaremus
533 1405 750 1464 datum;
799 1406 982 1458 aufert
1028 1407 1174 1457 enim
1223 1420 1420 1458 sensus
1469 1406 1853 1469 actionemque

159 1479 304 1531 tollit
353 1494 594 1532 omnem.
647 1481 835 1544 itaque
888 1480 933 1531 si
985 1486 1082 1533 aut
1136 1481 1438 1544 requietem
1489 1486 1690 1532 natura
1739 1494 1852 1532 non

161 1560 449 1617 quaereret
490 1560 587 1607 aut
629 1569 753 1606 eam
796 1560 988 1618 posset
1028 1555 1139 1606 alia
1183 1555 1424 1619 quadam
1467 1556 1681 1608 ratione
1724 1568 1854 1606 con-

161 1629 333 1692 sequi,
362 1628 526 1681 facile
557 1635 887 1693 pateremur,
917 1630 1010 1693 qui
1038 1629 1205 1681 etiarn
1235 1643 1382 1683 nunc
1408 1629 1613 1693 agendi
1641 1629 1854 1693 aliquid

92 1722 138 1757 20
162 1702 522 1767 discendique
556 1718 725 1755 causa
759 1718 934 1768 prope
967 1709 1158 1756 contra
1189 1710 1444 1757 naturam
1478 1703 1701 1768 vigilias
1735 1718 1854 1755 sus-

161 1782 342 1845 cipere
382 1782 679 1835 soleamuS.
1874 1791 1944 1871 2'0

234 1856 374 1909 Sunt
429 1863 616 1909 autem
675 1858 841 1910 etiam
899 1857 1133 1909 clariora
1187 1857 1276 1909 vel
1337 1858 1502 1921 plane
1558 1859 1854 1921 perspicua
1889 1894 1944 1934 55

160 1931 495 1995 minimeque
527 1932 836 1984 dubitanda
866 1931 1072 1983 indicia
1100 1938 1346 1990 naturae,
1376 1933 1616 1984 maxime
1649 1932 1856 1984 scilicet

159 2006 214 2055 in
255 2005 495 2064 homine,
539 2006 637 2057 sed
680 2007 735 2056 in
778 2007 930 2057 omni
971 2006 1212 2066 animali,
1255 2012 1316 2058 ut
1360 2012 1590 2070 appetat
1635 2007 1856 2058 animus

93 2095 138 2130 25
162 2079 371 2143 aliquid
412 2093 579 2143 agere
621 2094 839 2143 semper
878 2094 1057 2144 neque
1096 2080 1211 2131 ulla
1248 2081 1574 2132 condicione
1615 2082 1855 2144 quietem

163 2155 556 2218 sempiternam
609 2156 788 2218 possit
840 2156 971 2219 pati.
1022 2155 1186 2206 facile
1235 2161 1320 2207 est
1371 2155 1478 2207 hoc
1527 2169 1748 2208 cernere
1798 2156 1854 2207 in

162 2229 354 2292 primis
401 2243 700 2292 puerorum
747 2229 1022 2282 aetatulis.
1067 2244 1406 2293 quamquam
1449 2231 1597 2281 enim
1644 2244 1854 2289 vereor,

161 2317 230 2354 ne
261 2304 466 2356 nimius
500 2304 554 2355 in
586 2304 693 2355 hoc
721 2317 923 2367 genere
954 2304 1163 2363 videar,
1194 2310 1379 2356 tamen
1412 2318 1606 2356 omnes
1637 2310 1853 2357 veteres

163 2378 499 2442 philosophi,
545 2379 784 2430 maxime
831 2378 1022 2437 nostri,
1069 2378 1141 2430 ad
1187 2379 1522 2430 incunabula
1570 2379 1854 2438 accedunt,

92 2468 138 2504 30
163 2452 312 2515 quod
351 2453 406 2503 in
446 2453 684 2516 pueritia
720 2452 983 2504 facillime
1020 2467 1079 2504 se
1117 2453 1454 2506 arbitrantur
1488 2460 1720 2506 naturae
1755 2468 1854 2506 vo-

163 2526 431 2581 luntatem
480 2541 648 2590 posse
696 2541 1046 2591 cognoscere.
1102 2528 1360 2579 videmus
1405 2529 1574 2592 igitur
1619 2534 1681 2581 ut
1727 2543 1855 2580 con-

235 2700 255 2741 1
290 2701 338 2741 in
371 2713 460 2742 om.
493 2701 630 2742 BER
728 2701 754 2743 3
788 2701 994 2743 levarunt
1024 2703 1110 2744 BE
1214 2703 1241 2744 4
1275 2703 1520 2753 phalereus
1550 2703 1588 2744 R
1622 2703 1854 2754 phalerius

156 2761 296 2802 BEN
330 2761 543 2810 phalerus
575 2761 617 2803 V
758 2761 785 2801 6
818 2763 1129 2805 alexandriam
1162 2763 1301 2804 RNV
1422 2763 1524 2813 ipsa
1555 2775 1646 2805 om.
1678 2763 1765 2804 BE

156 2820 184 2861 9
214 2821 396 2870 scripsit
428 2823 498 2863 ed.
522 2822 692 2863 Veneta
726 2825 854 2870 1494,·
884 2823 1040 2864 scribit
1161 2822 1214 2864 19
1247 2823 1326 2873 qui
1358 2815 1423 2863 Μ’
1455 2824 1566 2872 quin
1689 2823 1741 2863 21
1777 2834 1853 2865 so-

159 2878 352 2929 leamus]
386 2882 622 2922 valeamus
654 2881 692 2922 R
825 2882 881 2924 23
915 2883 1078 2924 inditia
1109 2883 1150 2924 N
1182 2883 1354 2924 iudicia
1475 2882 1531 2924 25
1563 2894 1703 2934 agere
1734 2894 1854 2925 sem-

161 2950 242 2989 per
272 2940 464 2991 aliquod
495 2940 578 2983 BE
714 2939 772 2982 30
802 2943 932 2992 quod
961 2943 1051 2985 RN
1059 2943 1101 2984 V
1132 2943 1212 2993 qui
1243 2942 1327 2984 BE
1417 2943 1688 2985 arbitrantur
1717 2943 1856 2986 RNV

161 2999 430 3041 arbitrentur
460 3000 546 3041 BE
652 3000 936 3044 voluntatem
967 3003 1125 3045 Lamb.
1158 3002 1441 3053 voluptatem
