2046 3138
216 115 287 164 32
641 107 726 152 DE
759 106 1013 153 FINIBUS
1046 105 1196 152 BON.
1228 106 1307 151 ET
1340 106 1492 152 MAL.
1613 109 2000 153 maneas-34

218 247 433 298 efficere
464 248 630 298 vultis
663 248 886 298 beatum
921 240 1242 309 sapientem,
1276 261 1399 296 cum
1426 248 1694 297 maximas
1729 249 1914 298 animo

214 322 529 384 voluptates
556 323 819 384 percipiat
837 322 1207 384 omnibusque
1234 321 1476 383 partibus
1495 323 1730 372 maiores
1748 335 1914 384 quam

217 410 459 459 corpore,
487 397 619 460 quid
646 401 893 451 occurrat
917 411 1030 446 non
1055 395 1268 445 videtiS.
1324 396 1492 445 animi
1520 397 1664 446 enim
1692 410 1916 459 quoque

217 471 435 521 dolores
470 472 731 533 percipiet
764 471 1022 522 omnibus
1056 470 1300 532 partibus
1333 471 1568 520 maiores
1603 484 1769 533 quam
1804 484 1916 521 cor-

216 546 378 607 poris,
434 546 509 595 ita
533 546 697 595 miser
731 546 799 595 sit
831 544 1131 607 aliquando
1158 558 1387 594 necesse
1421 549 1503 594 est
1527 545 1587 603 is,
1622 558 1787 607 quem
1811 559 1914 595 vos
1961 554 1985 589 5

215 620 438 670 beatum
473 633 690 682 semper
712 619 878 669 vultis
913 633 1050 677 esse,
1084 633 1188 669 nec
1211 633 1343 669 vero
1370 619 1440 678 id,
1474 619 1606 668 dum
1633 620 1821 670 omnia
1843 618 1915 668 ad

213 693 556 756 voluptatem
591 694 951 757 doloremque
984 693 1238 751 referetiS,
1273 693 1517 743 efficietis
1550 707 1790 756 umqam.

128 771 213 812 109
293 765 475 823 Quare
501 768 650 819 aliud
676 768 918 831 aliquod,
943 768 1233 830 Torquate,
1259 768 1499 818 hominis
1517 767 1793 817 summum
1821 768 1917 818 bo-

216 857 348 892 num
382 843 764 906 reperiendum
800 849 896 901 est,
928 842 1272 905 voluptatem
1307 842 1496 892 bestiis
1530 842 1915 907 concedamuS‚

214 917 417 979 ‚quibus
450 932 553 968 vos
587 918 657 968 de
690 932 908 968 summo
943 917 1093 968 bono
1127 917 1358 967 testibus
1384 918 1468 966 uti
1502 914 1704 967 soletis,
1768 916 1916 979 quid,
1942 925 1987 961 ιο

217 993 261 1041 si
296 993 460 1042 etiam
495 992 704 1043 bestiae
750 991 922 1042 multa
961 991 1166 1041 faciunt
1207 991 1347 1041 duce
1387 1004 1489 1041 sua
1528 1005 1784 1054 quaeque
1823 1004 1917 1040 na-

216 1071 335 1117 tura
361 1068 554 1129 partim
582 1067 928 1130 indulgenter
952 1066 1041 1116 vel
1069 1080 1192 1116 cum
1219 1065 1421 1124 labore,
1454 1070 1514 1115 ut
1538 1067 1593 1115 in
1619 1065 1917 1129 gignendO,

216 1142 271 1190 in
306 1141 612 1200 educando,
647 1141 902 1204 perfacile
926 1135 1056 1203 <ut>
1081 1145 1344 1203 appareat
1377 1139 1526 1190 aliud
1560 1139 1824 1203 quiddam
1850 1141 1917 1189 iis
2004 1141 2014 1148 '

217 1217 575 1278 propositum,
628 1231 740 1267 non
784 1215 1164 1278 voluptatem?
1251 1216 1444 1277 partim
1490 1229 1649 1264 cursu
1702 1219 1755 1264 et
1801 1228 1917 1277 per-

217 1292 500 1353 agratione
518 1291 800 1349 laetantur,
827 1291 1257 1353 congregatione
1274 1289 1415 1340 aliae
1435 1289 1915 1358 coetum-quodam
1942 1297 1986 1333 15

130 1365 215 1406 110
233 1364 402 1416 modo
423 1366 655 1431 civitatis
677 1366 976 1423 imitantur;
1000 1365 1254 1415 videmus
1276 1365 1331 1414 in
1351 1363 1594 1426 quodam
1611 1363 1915 1414 volucrium

219 1452 420 1502 genere
453 1453 566 1490 non
599 1439 751 1489 nulla
783 1439 985 1490 indicia
1018 1440 1248 1501 pietatis,
1283 1439 1670 1501 cognitionem,
1710 1451 1917 1488 memo-

219 1515 369 1572 riam,
395 1515 449 1563 in
476 1514 661 1564 multis
689 1515 851 1564 etiam
879 1513 1151 1564 desideria
1174 1513 1443 1563 videmus,
1492 1526 1622 1575 ergo
1648 1514 1703 1562 in
1729 1513 1917 1562 bestiis

219 1594 374 1638 erunt
413 1593 621 1639 secreta
654 1603 685 1639 e
715 1588 1001 1651 voluptate
1046 1588 1411 1637 humanarum
1445 1587 1719 1649 quaedam
1753 1588 1917 1636 simu-

218 1663 363 1712 lacra
386 1665 660 1722 virtutum,
694 1665 749 1712 in
783 1663 916 1725 ipsis
950 1663 1267 1713 hominibus
1291 1663 1461 1711 virtus
1487 1663 1590 1711 nisi
1614 1661 1914 1723 voluptatis
1939 1668 1986 1705 20

219 1751 387 1787 causa
426 1737 579 1787 nulla
623 1739 756 1788 erit?
820 1742 872 1787 et
912 1737 1137 1795 homini,
1179 1738 1272 1799 qui
1314 1737 1504 1786 ceteris
1549 1735 1918 1785 animantibus

220 1811 512 1873 plurimum
540 1816 793 1874 praestat,
827 1812 1120 1873 praecipue
1145 1825 1178 1860 a
1203 1815 1396 1860 natura
1419 1810 1553 1860 nihil
1581 1810 1768 1859 datum
1796 1822 1918 1859 esse

221 1886 508 1936 dicemus?

131 1925 211 2038 ᾗῇ
294 1959 409 2010 Nos
441 1974 590 2019 vero,
631 1960 904 2022 siquidem
938 1961 992 2009 in
1025 1959 1311 2021 voluptate
1344 1964 1470 2008 sunt
1511 1959 1711 2016 omnia,
1752 1957 1918 2020 longe

220 2034 564 2098 multumque
597 2048 918 2097 superamur
951 2048 983 2084 a
1016 2034 1219 2092 bestiiS,
1254 2033 1454 2095 quibus
1479 2034 1601 2095 ipsa
1632 2037 1770 2082 terra
1802 2032 1918 2082 fun·
1942 2040 1988 2076 25

220 2109 297 2158 dit
330 2123 397 2158 ex
431 2123 554 2159 sese
587 2113 776 2171 pastus
808 2110 991 2159 varios
1024 2113 1190 2171 atque
1223 2107 1570 2157 abundantes
1603 2106 1736 2156 nihil
1770 2106 1920 2157 labo·-

219 2183 479 2242 rantibuS,
520 2183 682 2234 nobis
716 2188 900 2233 autem
935 2188 1029 2233 aut
1058 2184 1150 2232 vix
1184 2187 1279 2231 aut
1310 2195 1380 2232 ne
1411 2183 1503 2231 vix
1537 2180 1761 2244 quidem
1795 2195 1920 2242 sup-

221 2262 412 2319 petunt
436 2257 611 2308 multo
638 2257 826 2308 labore
852 2257 1256 2320 quaerentibus
1296 2270 1399 2306 nec
1416 2260 1600 2306 tamen
1619 2255 1731 2305 ullo
1750 2254 1920 2306 modo

219 2346 497 2381 summum
533 2332 760 2394 pecudis
794 2332 1003 2382 bonum
1038 2336 1090 2382 et
1123 2331 1362 2381 hominis
1403 2330 1549 2380 idem
1583 2329 1714 2379 mihi
1747 2328 1919 2379 videri

222 2411 416 2467 potest.
473 2406 605 2468 quid
640 2407 787 2456 enim
821 2410 973 2456 tanto
1009 2419 1150 2467 opus
1185 2410 1267 2455 est
1299 2406 1659 2454 instrumento
1694 2404 1748 2452 in
1783 2404 1921 2465 opti·
1943 2410 1990 2447 ao

297 2583 322 2622 2
357 2582 541 2623 maioris
573 2581 758 2623 ABEN
768 2576 781 2601 ¹
903 2583 929 2623 3
964 2583 1104 2622 animi
1137 2583 1260 2623 enim
1294 2582 1477 2622 dolores
1510 2591 1699 2631 quoque
1730 2580 1854 2622 Mdv.

220 2642 247 2682 8
281 2642 470 2691 aliquod
503 2642 660 2683 Lamb.
694 2642 869 2692 aliquid
1035 2641 1084 2682 11
1123 2652 1337 2691 quaeque
1370 2633 1483 2681 N²v
1523 2650 1708 2690 quaque
1741 2638 1922 2679 ABER

221 2712 455 2751 quamque
487 2695 551 2741 N¹
668 2701 722 2742 13
755 2703 867 2742 add.
895 2701 943 2742 C.
967 2701 1015 2742 F.
1039 2701 1100 2742 W.
1125 2701 1244 2741 Mae.
1371 2699 1425 2739 16
1456 2699 1707 2740 volucrium
1735 2697 1918 2740 Charis.

221 2758 439 2812 (qr-amm.
466 2761 567 2801 Lat.
596 2772 651 2801 ex
682 2771 771 2801 rec.
798 2761 855 2801 H.
880 2760 982 2801 Keil
1013 2760 1036 2800 Ι
1060 2772 1108 2811 ρ.
1129 2756 1223 2810 146)
1233 2771 1251 2808 ,·
1282 2759 1516 2799 volucrum
1542 2757 1731 2799 ARNV
1761 2757 1919 2797 volue-

222 2823 323 2860 runt
354 2818 441 2860 BE
594 2819 650 2859 22
685 2820 920 2870 praecipui
951 2820 1002 2861 P.
1027 2820 1154 2860 Man.
1187 2830 1275 2860 sec.
1301 2818 1424 2859 Mdv.
1577 2827 1682 2858 esse
1714 2816 1921 2857 dicemus

223 2879 377 2919 datum
411 2878 494 2918 BE
624 2879 681 2919 25
714 2889 771 2920 ex
803 2890 908 2920 sese
941 2878 1089 2919 fundit
1121 2877 1257 2919 BEV
1384 2876 1441 2917 28
1474 2876 1615 2917 multo
1647 2872 1822 2924 labore]
1856 2875 1919 2914 la-

223 2939 359 2978 bores
395 2938 536 2978 multo
568 2938 606 2978 B
644 2938 801 2979 labore
835 2938 976 2978 multo
1009 2938 1044 2978 E
