2046 3138
10 96 58 163 ’ς
86 111 318 153 100—105
539 104 624 150 DE
657 102 910 150 FINIBUS
944 101 1094 149 BON.
1128 102 1206 148 ΕΤ
1240 102 1392 148 MAL.
1750 111 1819 160 79

121 248 337 298 cavebit
369 248 429 306 is,
463 247 556 310 qui
588 246 750 297 nobis
783 246 941 308 quasi
968 244 1250 296 oraculum
1281 245 1510 296 ediderit
1534 245 1668 295 nihil
1696 250 1822 308 post

121 327 351 374 mortem
385 321 456 372 ad
488 335 592 372 nos
626 321 929 384 pertinere?
977 319 1114 370 haec
1139 333 1251 370 non
1279 326 1431 370 erant
1457 321 1589 379 eiuS‚
1623 321 1717 383 qui
1743 321 1822 370 in-

122 396 475 448 numerabilis
493 395 732 447 mundos
751 394 1102 457 infinitasque
1123 396 1393 458 regiones
1421 409 1650 458 quarum
1670 394 1822 445 nulla

123 477 268 523 esset
300 485 409 530 ora,
442 470 593 521 nulla
626 470 951 528 extremitaS,
991 474 1175 520 mente
1209 471 1624 533 peragravisset.
1687 484 1820 520 num

74 558 98 593 5
123 547 255 610 quid
289 546 396 597 tale
425 545 806 597 Democritus?
852 549 912 595 ut
943 544 1081 595 alios
1115 545 1379 604 omittam,
1413 545 1560 595 hunc
1584 544 1822 608 appelle,

123 635 288 685 quem
307 620 398 672 ille
423 634 594 670 unum
621 624 840 671 secutus
867 624 962 670 est.
1014 619 1213 682 quodsi
1241 619 1358 670 dies
1384 620 1662 670 notandus
1687 619 1800 678 fuit,
1828 625 1912 667 103

124 710 324 747 eumne
358 696 556 759 potius,
596 709 708 758 quo
742 699 918 753 natuS,
958 708 1028 744 an
1063 708 1205 753 eum,
1247 708 1358 757 quo
1392 696 1614 757 sapiens
1649 694 1822 745 factus

0 742 6 862 Ι
124 773 242 822 est?
296 770 421 821 Non
448 771 639 833 potuit,
671 771 902 832 inquieS,
935 769 1049 819 fieri
1075 770 1312 832 sapienS,
1345 771 1450 819 nisi
1475 774 1637 819 natus
1664 774 1822 820 esset.

125 839 226 910 [et]
296 845 404 897 Isto
429 845 615 904 modo,
649 858 720 895 ne
752 845 798 894 si
823 845 949 894 avia
974 844 1198 907 quidem
1225 845 1342 895 eius
1368 849 1498 894 nata
1523 858 1636 895 non
1664 849 1823 894 esset.

0 939 3 976 ι
57 932 101 968 10
125 935 210 971 res
243 925 371 979 tota,
404 920 694 983 Torquate,
726 933 840 970 non
866 919 1152 970 doctorum
1186 919 1488 978 hominum,
1520 918 1665 970 velle
1699 923 1825 982 post

0 978 3 1084 fl
123 999 354 1046 mortem
390 994 566 1058 epulis
601 994 861 1045 celebrari
894 994 1218 1044 memoriam
1251 995 1335 1044 sui
1369 995 1624 1045 nominis,
1682 1007 1824 1057 quos

124 1070 348 1133 quidem
383 1069 501 1120 dies
527 1083 692 1132 quem
719 1069 790 1119 ad
823 1068 1052 1119 modum
1077 1069 1253 1132 agatis
1281 1073 1333 1119 et
1357 1070 1412 1118 in
1439 1074 1701 1132 quantam
1728 1068 1826 1119 ho-

0 1127 2 1237 f
124 1146 334 1195 minum
376 1144 675 1195 facetorum
709 1144 1072 1194 urbanitatem
1106 1144 1403 1202 incurratiS,
1447 1158 1560 1195 non
1595 1143 1719 1194 dico
1754 1167 1824 1175 -

125 1219 259 1269 nihil
293 1233 434 1282 opus
469 1223 552 1269 est
583 1218 768 1268 litibus
803 1236 895 1277 —;
928 1222 1138 1268 tantum
1166 1218 1305 1277 dico,
1338 1220 1515 1282 magis
1541 1218 1710 1268 fuisse
1733 1231 1827 1267 ve-

59 1304 102 1339 15
127 1299 295 1344 strum
337 1307 501 1358 agere
533 1292 746 1356 Epicuri
788 1293 934 1343 diem
976 1292 1231 1351 natalem,
1272 1307 1438 1355 quarn
1480 1293 1624 1343 illius
1665 1297 1827 1343 testa-

126 1373 312 1419 mento
348 1382 542 1418 cavere
574 1372 633 1418 ut
665 1373 930 1431 ageretur.
1846 1404 1915 1455 32

202 1442 312 1493 Sed
338 1447 398 1493 ut
422 1443 493 1492 ad
519 1443 862 1505 propositum
883 1467 952 1474 —
972 1442 1042 1492 de
1067 1442 1259 1493 dolore
1285 1443 1431 1493 enim
1458 1457 1582 1492 cum
1609 1442 1812 1493 dicere-
1832 1476 1917 1518 104

127 1532 264 1577 mus,
298 1518 368 1567 ad
402 1519 562 1567 istam
589 1516 881 1579 epistulam
915 1516 1080 1567 delati
1114 1531 1304 1567 sumus
1339 1542 1424 1576 -—,
1457 1532 1603 1567 nunc
1636 1522 1812 1568 totum

127 1592 261 1642 illud
296 1592 550 1643 concludi
584 1593 662 1641 sic
695 1591 840 1642 licet:
875 1592 968 1654 qui
994 1592 1048 1641 in
1075 1606 1292 1642 summo
1320 1592 1467 1643 malo
1496 1597 1591 1651 est,
1625 1593 1671 1642 is
1696 1597 1828 1650 tum,

58 1677 104 1713 20
129 1682 254 1717 cum
287 1668 342 1717 in
377 1681 444 1718 eo
480 1671 575 1725 est,
607 1680 721 1717 non
756 1670 838 1717 est
869 1666 1087 1724 beatus;
1131 1667 1352 1729 sapiens
1394 1672 1578 1717 autem
1613 1680 1830 1729 semper

128 1742 323 1793 beatus
365 1746 448 1792 est
488 1746 541 1792 et
585 1746 667 1791 est
706 1740 1006 1803 aliquando
1040 1741 1095 1790 in
1129 1740 1342 1800 dolore;
1386 1756 1498 1792 non
1545 1747 1626 1792 est
1670 1742 1831 1805 igitur

129 1831 406 1866 summum
440 1815 647 1865 malum
674 1815 844 1866 dolor.

204 1891 316 1941 Iam
351 1890 484 1941 illud
519 1890 683 1953 quale
715 1890 939 1940 tandem
974 1895 1069 1948 est,
1109 1890 1259 1941 bona
1291 1893 1579 1953 praeterita
1611 1905 1724 1942 non
1759 1890 1831 1941 ef-

132 1966 301 2016 fluere
326 1966 575 2028 sapienti,
601 1964 748 2014 mala
773 1965 1090 2015 meminisse
1115 1979 1228 2015 non
1255 1967 1543 2027 oportere?
1597 1967 1831 2028 primum

62 2050 107 2086 Ξ
134 2042 189 2090 in
222 2045 481 2090 nostrane
514 2043 785 2102 potestate
820 2044 915 2097 est,
949 2039 1080 2102 quid
1114 2041 1561 2092 meminerimus?
1617 2040 1833 2090 Themi-

134 2114 334 2166 stocles
368 2115 607 2177 quidem,
641 2127 764 2163 cum
800 2115 849 2163 ei
883 2112 1196 2164 Simonides
1230 2127 1300 2163 an
1334 2116 1456 2177 quis
1490 2115 1629 2164 alius
1663 2120 1833 2165 artem

135 2190 434 2240 memoriae
452 2188 809 2251 polliceretur,
823 2183 1189 2247 ‘Oblivionis',
1206 2189 1394 2252 inquit,
1407 2183 1662 2240 ‘mallem
1692 2189 1833 2239 Nam

136 2265 360 2315 memini
401 2265 565 2314 etiam
607 2276 750 2325 quae
790 2262 937 2321 nolo,
979 2262 1227 2313 oblivisci
1267 2277 1380 2314 non
1422 2278 1650 2326 possum
1692 2278 1836 2327 quae

135 2333 302 2389 volo.'
351 2338 557 2401 Magno
584 2337 672 2387 hic
696 2338 935 2400 ingenio,
969 2337 1068 2387 sed
1100 2351 1185 2388 res
1219 2352 1278 2388 se
1311 2343 1495 2389 tamen
1530 2340 1607 2389 sic
1632 2339 1813 2397 habet,
1842 2345 1925 2386 105

69 2423 114 2458 3ο
137 2418 196 2463 ut
219 2414 382 2462 nimis
408 2413 686 2475 imperiosi
714 2411 1029 2474 philosophi
1048 2413 1116 2461 sit
1132 2417 1317 2463 vetare
1335 2414 1667 2464 meminisse.
1708 2414 1836 2464 vide

138 2501 209 2538 ne
241 2489 345 2537 ista
377 2488 484 2537 sint
515 2486 796 2536 Manliana
826 2491 1007 2537 vestra
1047 2491 1141 2536 aut
1179 2488 1389 2538 maiora
1430 2489 1609 2547 etiam,
1654 2490 1698 2538 si
1740 2490 1837 2538 im-

141 2575 297 2624 peres
332 2561 482 2624 quod
516 2561 693 2611 facere
726 2575 838 2611 non
873 2562 1096 2623 possim.
1154 2561 1300 2624 quid,
1335 2564 1379 2612 si
1406 2563 1570 2612 etiam
1597 2563 1838 2612 iucunda

141 2637 406 2687 memoria
432 2640 514 2686 est
539 2636 948 2698 praeteritorum
974 2636 1281 2687 malorum?
1328 2642 1387 2686 ut
1411 2637 1700 2699 proverbia
1725 2652 1837 2688 non

220 2768 239 2807 1
277 2769 337 2809 ad
368 2779 456 2809 nos
490 2769 716 2818 pertinere
750 2771 855 2817 post
887 2771 1077 2809 mortem
1110 2767 1152 2809 A
1278 2769 1306 2809 9
1338 2771 1507 2810 stt-stul.
1541 2770 1591 2810 P.
1628 2770 1756 2810 Man.
1795 2772 1841 2810 et

143 2828 300 2868 Lamb.
439 2828 493 2868 17
539 2825 843 2877 propositum]
889 2829 1174 2878 propositum
1219 2832 1495 2869 revertamur
1536 2823 1600 2869 Ν2
1644 2825 1755 2878 (rev.
1793 2831 1840 2870 ἱη

145 2898 293 2938 mary.
327 2885 474 2939 add),
506 2886 547 2928 V
664 2886 718 2927 19
755 2888 794 2927 is
825 2890 919 2927 tum
953 2887 1111 2928 Lamb.
1149 2889 1284 2928 istum
1317 2882 1479 2929 A¹RN
1516 2889 1602 2930 iste
1634 2882 1842 2930 A²BEv

220 2946 276 2987 23
310 2944 437 2996 illud]
468 2959 515 2997 ρ.
535 2951 597 2996 18,
617 2951 666 2987 19
682 2958 750 2997 sq.
874 2946 930 2987 25
956 2950 1026 2988 est
1051 2951 1280 2997 potestate
1304 2947 1346 2988 A
1454 2948 1510 2989 32
1537 2959 1726 2998 possum
1760 2948 1842 2989 BE
