2002 3068
106 689 169 738 12

99 760 155 800 40

99 1475 150 1515 41

101 2586 158 2628 42

194 70 259 121 18
612 63 697 108 DE
722 62 975 108 FINIBUS
1009 61 1158 110 BON.
1191 63 1270 108 ET
1302 63 1454 110 MAL.
1599 67 1965 110 Lib.1c.11—l3

188 204 300 254 ulla
352 218 475 266 pars
530 204 802 254 vacuitate
857 203 1060 255 doloris
1108 204 1226 254 sine
1273 204 1512 255 iucundo
1574 210 1728 256 motu
1781 219 1876 256 vo-

188 278 423 341 luptatis,
497 279 579 328 sin
622 283 804 328 autem
848 291 1064 328 summa
1107 278 1363 340 voluptas
1408 283 1502 337 est,
1546 284 1604 329 ut
1645 278 1875 342 Epicuro

188 353 380 416 placet,
417 352 551 402 nihil
585 352 784 411 dolere,
818 353 1051 414 primum
1084 353 1180 403 tibi
1213 358 1370 411 recte,
1404 351 1718 416 Chrysippe‚
1751 368 1877 404 con-

189 441 404 477 cessum
438 432 520 477 est
550 426 684 476 nihil
718 426 1027 477 desiderare
1066 441 1306 486 manum,
1352 441 1475 477 cum
1515 428 1591 478 ita
1629 434 1773 478 esset
1805 428 1878 478 af-

187 502 341 560 fecta,
381 501 686 551 secundum
725 515 839 552 non
880 506 1036 560 recte,
1081 502 1126 551 si
1165 501 1422 564 voluptas
1467 507 1611 552 esset
1654 502 1877 560 bonum,
1923 514 1946 547 5

187 576 354 626 fuisse
407 575 847 626 desideraturam.
919 575 1117 626 idcirco
1168 577 1312 626 enim
1369 590 1482 626 non
1532 576 1878 635 desideraret,

189 651 339 712 quia,
366 650 516 713 quod
550 649 739 700 dolore
773 654 929 708 caret,
964 650 1018 699 id
1051 651 1106 699 in
1137 650 1422 712 voluptate
1455 656 1550 701 est.

262 724 571 774 Extremum
612 729 795 774 autem
837 738 959 774 esse
995 725 1266 775 bonorum
1298 724 1638 787 voluptatem
1674 739 1740 775 ex
1773 725 1879 776 hoc

188 799 441 849 facillime
467 800 698 861 perspici
725 804 925 861 potest:
953 797 1362 850 Constituamus
1388 799 1627 862 aliquem
1646 800 1878 862 magniS,

188 873 385 932 multiS‚
419 874 694 935 perpetuis
719 873 983 923 fruentem
1011 878 1063 923 et
1087 874 1272 924 animo
1301 879 1353 924 et
1378 888 1604 936 corpore
1628 874 1878 936 volupta-
1905 884 1947 919 10

188 947 331 998 tibus
357 947 507 998 nullo
535 947 724 998 dolore
744 962 847 998 nec
861 947 1194 1010 impediente
1211 962 1314 998 nec
1339 948 1687 1011 inpendente,
1713 962 1877 1011 quem

188 1021 410 1072 tandem
451 1022 557 1072 hoc
589 1027 731 1072 statu
765 1022 1230 1084 praestabiliorem
1272 1028 1365 1073 aut
1404 1024 1581 1086 magis
1623 1028 1879 1085 expeten-

189 1096 320 1147 dum
354 1098 629 1159 possimus
664 1096 879 1147 dicere?
934 1098 1115 1147 inesse
1153 1098 1299 1147 enirn
1332 1111 1559 1148 necesse
1593 1102 1674 1148 est
1707 1099 1762 1147 in
1796 1111 1879 1156 eo,

190 1172 282 1233 qui
316 1171 390 1221 ita
422 1172 489 1221 sit
514 1171 754 1230 affectuS,
789 1176 841 1221 et
866 1171 1174 1222 firmitatem
1202 1173 1370 1221 animi
1395 1186 1498 1222 nec
1522 1177 1752 1222 mortem
1778 1185 1881 1221 nec

190 1245 436 1296 dolorem
479 1246 733 1304 timentiS,
789 1246 939 1308 quod
983 1260 1130 1296 mors
1174 1260 1341 1298 sensu
1386 1252 1578 1305 careat,
1624 1246 1781 1297 dolor
1824 1247 1879 1295 in
1906 1257 1948 1291 15

188 1319 588 1383 longinquitate
621 1320 780 1378 leviS,
822 1321 876 1369 in
910 1322 1175 1383 gravitate
1208 1321 1388 1371 brevis
1429 1321 1605 1371 soleat
1638 1335 1781 1379 esse,
1822 1327 1881 1370 ut

190 1395 308 1445 eius
325 1394 761 1457 magnitudinem
781 1394 1040 1453 celeritaS,
1060 1395 1467 1446 diuturnitatem
1486 1395 1741 1459 allevatio
1755 1409 1880 1445 con-

189 1468 406 1519 soletur.
469 1468 539 1518 ad
573 1482 640 1518 ea
672 1483 795 1518 cum
829 1469 1051 1528 accedit,
1092 1474 1150 1519 ut
1181 1483 1363 1532 neque
1396 1469 1643 1519 divinum
1675 1483 1879 1519 numen

189 1543 403 1593 horreat
456 1557 558 1593 nec
621 1544 934 1605 praeteritas
996 1543 1308 1606 voluptates
1366 1544 1586 1594 effluere
1649 1544 1881 1606 patiatur

190 1631 487 1680 earumque
519 1617 743 1667 assidua
767 1617 1142 1668 recordatione
1166 1618 1406 1677 laetetur,
1441 1618 1574 1680 quid
1600 1623 1694 1677 est,
1728 1618 1878 1681 quod
1903 1628 1948 1662 2⁰

189 1692 295 1742 huc
334 1693 522 1754 possit,
568 1692 718 1754 quod
751 1692 947 1742 melius
983 1693 1072 1751 sit,
1113 1692 1409 1743 accedere?
1465 1691 1653 1742 Statue
1695 1697 1881 1742 contra

189 1766 428 1829 aliquem
463 1766 770 1816 confectum
803 1767 965 1816 tantis
999 1767 1167 1816 animi
1201 1767 1554 1829 corporisque
1579 1766 1877 1825 doloribuS,

193 1840 381 1903 quanti
415 1841 468 1889 in
503 1840 783 1890 hominem
817 1841 1040 1890 maximi
1082 1841 1276 1891 cadere
1316 1846 1562 1903 possunt,
1602 1840 1752 1891 nulla
1783 1854 1882 1903 spe

191 1915 473 1978 proposita
504 1914 617 1964 fore
652 1915 827 1964 levius
860 1915 1176 1977 aliquando,
1208 1915 1359 1965 nulla
1391 1920 1670 1977 praeterea
1700 1929 1882 1977 neque

191 1989 463 2050 praesenti
507 2002 610 2039 nec
661 1994 946 2051 expectata
988 1989 1287 2051 voluptate,
1335 1989 1467 2052 quid
1517 2003 1583 2040 eo
1631 1990 1950 2039 miseriusae

191 2062 296 2112 dici
344 2068 438 2112 aut
483 2063 617 2126 fingi
666 2065 883 2125 potest?
954 2064 1152 2126 quodsi
1204 2065 1316 2115 vita
1363 2064 1645 2114 doloribus
1693 2063 1883 2114 referta

190 2138 428 2188 maxime
459 2137 722 2200 fugienda
754 2143 849 2197 est,
883 2152 1159 2188 summum
1193 2138 1434 2200 profecto
1468 2138 1674 2188 malum
1700 2143 1782 2188 est
1806 2139 1883 2187 vi-

190 2225 317 2261 vere
351 2225 475 2261 cum
509 2211 712 2270 dolore,
747 2213 833 2262 cui
865 2212 1169 2262 sententiae
1195 2218 1625 2263 consentaneum
1660 2216 1740 2262 est
1765 2212 1883 2261 ulti-

191 2300 340 2338 mum
376 2299 498 2335 esse
538 2286 809 2336 bonorum
852 2300 974 2336 cum
1016 2286 1300 2348 voluptate
1338 2287 1537 2337 vivere.
1594 2300 1696 2336 nec
1737 2287 1881 2336 enim

191 2359 357 2409 habet
395 2365 581 2410 nostra
620 2374 776 2410 mens
818 2361 1127 2423 quicquam,
1167 2361 1261 2410 ubi
1303 2361 1564 2411 consistat
1602 2366 1881 2422 tamquam
1905 2371 1950 2405 3ο

191 2434 258 2483 1η
281 2439 537 2493 extremo,
571 2448 876 2497 omnesque
911 2440 962 2484 et
995 2439 1172 2484 metus
1206 2440 1259 2485 et
1290 2435 1659 2498 aegritudines
1692 2434 1763 2485 ad
1788 2434 1882 2484 do-

190 2507 361 2558 lorem
393 2507 703 2567 referuntur,
744 2522 847 2559 nec
879 2514 1158 2571 praeterea
1199 2514 1280 2559 est
1320 2523 1404 2559 res
1436 2509 1561 2568 ulla,
1601 2522 1744 2571 quae
1783 2522 1883 2557 sua

191 2587 391 2632 natura
427 2587 522 2632 aut
566 2582 856 2633 sollicitare
897 2584 1070 2645 possit
1114 2588 1207 2633 aut
1239 2596 1454 2646 angere.
1509 2583 1790 2633 Praeterea
1831 2587 1883 2632 et

196 2656 493 2718 appetendi
526 2661 579 2706 et
618 2656 920 2719 refugiendi
961 2662 1014 2707 et
1046 2658 1272 2708 omnino
1314 2671 1488 2707 rerum
1522 2656 1881 2720 gerendarum

268 2772 322 2816 13
355 2764 603 2824 possumus
626 2773 708 2819 BE
772 2773 827 2814 16
852 2774 970 2815 lenis
993 2773 1132 2815 ARN
1194 2774 1251 2816 23
1276 2775 1460 2814 maximi
1486 2775 1602 2814 dett.
1626 2773 1823 2814 maxime

191 2830 254 2887 24
282 2832 532 2882 aliquando
566 2834 679 2874 dett.
721 2833 957 2883 aliquanto
1109 2833 1167 2875 30
1202 2834 1354 2874 habet,
1382 2835 1560 2883 praeter
1600 2832 1881 2882 voluptatem

192 2894 346 2931 nostra
375 2891 415 2932 V
446 2893 654 2942 fortasse
685 2894 808 2934 recte
928 2892 985 2934 33
1019 2896 1096 2933 aut
1126 2903 1298 2943 angere
1328 2892 1435 2933 Vict.
1469 2894 1545 2933 aut
1575 2894 1765 2941 tangere
