2046 3138
210 123 313 175 158
431 166 433 168 .
628 116 714 163 DE
745 115 999 164 FINIBUS
1031 116 1182 164 BON.
1215 115 1294 164 ET
1325 117 1479 165 MAL.
1653 123 1986 167 Lib.Vc.2—3

204 254 485 306 fremitum
522 261 867 307 assuesceret
902 269 1039 307 voce
1074 257 1309 307 vincere.
1355 257 1524 307 modo
1555 258 1723 308 etiam
1758 271 1893 321 pau-

207 327 319 387 lum
359 328 431 379 ad
473 328 756 380 dexteram
799 329 868 380 de
907 330 999 380 via
1041 329 1330 389 declinavi,
1370 337 1432 381 ut
1464 330 1537 381 ad
1579 330 1771 382 Pericli
1809 345 1891 382 se-

204 402 455 465 pulcrum
495 403 829 456 accederem.
881 418 1218 468 quamquam
1256 404 1314 456 id
1354 405 1577 468 quidem
1611 405 1891 457 infinitum

203 482 286 528 est
323 478 378 527 in
416 477 520 528 hac
554 477 714 536 urbe;
753 492 1100 542 quacumque
1131 480 1276 530 enim
1314 478 1669 542 ingredimur,
1707 481 1762 530 in
1795 480 1893 530 ali-

204 565 314 614 qua
346 551 578 602 historia
612 553 911 615 vestigium
947 554 1223 616 ponimus,
1941 570 1964 605 5

276 626 416 677 Tum
457 627 611 678 Piso:
651 627 836 691 Atqui,
877 627 1081 686 Cicero,
1123 629 1315 691 inquit,
1341 629 1458 681 ,ista
1497 628 1697 687 studia,
1738 629 1783 679 si
1820 629 1892 679 ad

203 701 504 752 imitandos
537 715 784 753 summos
808 702 968 753 viros
1000 708 1265 765 spectant,
1296 703 1714 766 ingeniosorum
1742 709 1893 761 sunt;

204 776 287 826 sin
323 781 537 827 tantum
573 775 743 827 modo
778 776 850 827 ad
885 775 1090 827 indicia
1118 777 1320 828 veteris
1355 778 1654 828 memoriae
1690 790 1893 840 cogno-

202 850 422 908 scenda,
446 851 808 901 curiosorum.
854 856 908 901 te
928 856 1118 902 autem
1136 851 1423 902 hortamur
1442 865 1652 910 omnes,
1676 865 1895 902 curren-

202 930 312 975 tem
343 924 581 987 quidem,
613 930 674 976 ut
703 939 882 988 spero,
912 930 973 976 ut
997 939 1109 984 eOS,
1140 939 1280 989 quos
1307 927 1533 977 novisse
1558 927 1660 984 viS,
1690 927 1890 977 imitari
1921 942 1964 977 ιο

202 999 370 1050 etiam
411 998 567 1050 velis.
1295 1029 1298 1032 >
1457 1063 1458 1066 Ἴ

274 1072 377 1123 Hic
421 1086 554 1136 ego:
609 1073 724 1125 Etsi
769 1073 902 1125 facit
948 1074 1037 1124 hic
1075 1074 1314 1137 quidem,
1359 1075 1600 1138 inquam,
1645 1075 1790 1133 Piso,
1831 1081 1892 1126 ut

202 1147 376 1206 vides,
418 1161 497 1206 ea,
542 1161 685 1211 quae
725 1149 1014 1211 praecipis,
1056 1154 1241 1200 tamen
1277 1149 1411 1199 mihi
1451 1155 1611 1212 grata
1650 1149 1891 1200 hortatio

202 1228 298 1273 tua
321 1228 420 1273 est.

273 1296 414 1348 Tum
455 1298 548 1350 ille
588 1300 938 1358 amicissime,
978 1306 1038 1351 ut
1078 1300 1318 1352 solebat:
1353 1300 1471 1351 Nos
1509 1315 1659 1360 vero,
1699 1302 1891 1364 inquit,
1920 1315 1962 1350 15

202 1385 397 1423 omnes
432 1373 621 1424 omnia
656 1373 728 1424 ad
764 1373 930 1424 huius
966 1374 1400 1426 adolescentiam
1425 1374 1802 1434 conferamuS,
1837 1375 1892 1425 in

201 1447 504 1510 primisque
541 1453 603 1498 ut
639 1447 850 1511 aliquid
890 1462 1116 1499 suorum
1157 1448 1470 1500 studiorum
1502 1449 1892 1513 philosophiae

203 1534 423 1584 quoque
461 1522 756 1585 impertiat,
794 1522 882 1573 vel
922 1528 982 1574 ut
1019 1528 1073 1574 te
1104 1523 1362 1582 imitetur,
1401 1537 1564 1587 quem
1602 1529 1767 1582 amat,
1801 1523 1891 1575 vel

200 1600 261 1646 ut
305 1594 444 1646 illud
490 1597 690 1659 ipsum,
736 1596 886 1660 quod
933 1597 1135 1656 studet,
1174 1597 1358 1648 facere
1402 1599 1581 1660 possit
1625 1598 1890 1649 ornatius,

202 1670 300 1721 sed
335 1675 522 1722 utrum
559 1670 868 1722 hortandus
904 1685 964 1722 es
1000 1671 1178 1730 nobiS,
1208 1671 1356 1730 Luci,
1392 1673 1584 1735 inquit,
1620 1686 1691 1722 an
1723 1673 1889 1724 etiam
1915 1687 1962 1722 20

200 1749 297 1795 tua
341 1750 540 1807 sponte
586 1758 901 1808 propensus
944 1746 1043 1796 es?
1097 1745 1231 1796 mihi
1272 1746 1496 1809 quidem
1539 1746 1890 1805 Antiochum,

202 1832 364 1881 quem
409 1819 587 1878 audis,
634 1820 770 1870 satis
811 1819 955 1870 belle
997 1819 1205 1871 videris
1243 1820 1543 1871 attendere.

272 1892 413 1943 Tum
444 1893 536 1944 ille
568 1893 760 1944 timide
789 1893 878 1944 vel
910 1894 1097 1957 potius
1122 1894 1459 1945 verecunde:
1490 1894 1668 1952 Facio,
1698 1896 1890 1958 inquit,

201 1967 474 2030 equidem,
523 1967 621 2018 sed
669 1967 948 2019 audistine
994 1967 1164 2018 modo
1213 1968 1282 2019 de
1323 1967 1647 2020 Carneade?
1703 1969 1890 2032 rapior

200 2040 345 2098 illuc,
369 2047 594 2093 revocat
619 2047 803 2093 autem
829 2042 1151 2101 Antiochus,
1178 2056 1278 2093 nec
1297 2048 1382 2094 est
1404 2048 1703 2106 praeterea,
1728 2057 1888 2106 quem
1914 2058 1960 2094 25

199 2115 511 2167 audiamus.

275 2190 415 2242 Tum
464 2191 619 2242 Piso:
669 2191 784 2242 Etsi
832 2191 952 2250 hoc,
1002 2192 1195 2255 inquit,
1239 2191 1480 2244 fortasse
1528 2207 1640 2243 non
1690 2195 1891 2256 poterit

203 2265 281 2316 sic
307 2265 474 2324 abire,
505 2279 630 2316 cum
657 2266 746 2316 hic
772 2266 910 2317 assit
934 2293 996 2301 —
1023 2280 1112 2316 me
1137 2271 1323 2317 autem
1350 2266 1568 2318 dicebat
1597 2295 1674 2326 —-‚
1705 2273 1889 2319 tamen

202 2339 423 2391 audebo
464 2345 518 2391 te
560 2339 630 2390 ab
671 2339 776 2390 hac
813 2339 1118 2391 Academia
1152 2354 1301 2391 nova
1340 2341 1414 2391 ad
1455 2347 1696 2393 veterem
1735 2341 1888 2392 illam

199 2427 414 2472 vocare,
451 2415 508 2464 in
547 2428 670 2477 qua,
707 2419 766 2465 ut
805 2413 985 2465 dicere
1015 2414 1350 2466 Antiochum
1386 2415 1670 2474 audiebas,
1706 2429 1820 2467 non
1851 2417 1887 2466 ii
1914 2430 1960 2465 3ο

202 2487 307 2539 soli
337 2493 711 2546 numerantur,
745 2489 837 2551 qui
867 2488 1184 2540 Academici
1215 2495 1500 2548 vocantur,
1525 2489 1889 2553 Speusippus,

196 2561 557 2620 'Xenocrates
585 2561 828 2620 Polem0,
855 2561 1088 2613 Crantor
1112 2563 1401 2626 ceterique,
1428 2563 1525 2614 sed
1550 2564 1716 2615 etiam
1743 2563 1888 2614 Peri-

274 2719 301 2760 2
341 2720 543 2761 dextram
576 2721 663 2762 RN
796 2721 856 2761 ad
887 2720 1048 2762 Pericli
1082 2720 1162 2763 Gz.
1195 2722 1337 2770 apicii,
1365 2721 1404 2763 R
1435 2722 1495 2762 ad
1527 2722 1686 2771 pericii
1718 2720 1801 2761 BE
1833 2722 1893 2761 ad

202 2779 371 2828 peridis
425 2775 565 2829 (corr.
614 2781 661 2821 in
710 2778 912 2831 periclis)
959 2781 1000 2821 N
1055 2781 1114 2822 ad
1162 2780 1376 2830 periculis
1420 2780 1463 2822 V
1598 2780 1889 2829 sepulchrum

199 2837 340 2879 BEV
486 2839 541 2880 27
576 2840 742 2889 poterit
775 2834 1116 2881 ‘emendavisse
1147 2841 1333 2881 videtur·
1361 2834 1529 2881 Aldus’
1562 2839 1686 2880 Mdv.
1720 2841 1891 2888 poteris

274 2897 331 2938 29
356 2898 478 2938 illam
503 2901 703 2940 veterem
729 2898 810 2939 BE
925 2899 983 2941 30
1014 2901 1046 2939 ii
1070 2900 1174 2940 edd.
1195 2900 1254 2939 hi
1279 2899 1317 2940 R
1349 2899 1409 2948 hij
1435 2897 1618 2939 BENV
1725 2898 1778 2940 31
1814 2910 1890 2939 so·-

200 2956 291 2996 lum
325 2957 362 2997 R
1383 2976 1401 2990 a
