2046 3138
141 382 175 431 8

123 454 176 494 19

125 1681 181 1721 20

215 124 316 179 128
452 166 454 168 ,
633 115 718 165 DE
751 114 1004 165 FINIBUS
1038 113 1186 165 BON.
1220 113 1298 164 ET
1332 114 1484 164 MAL.
1644 120 1811 164 Lib.1v
1829 120 1996 164 c.7—9

206 256 331 325 <et>
372 262 672 312 seminibus
714 275 747 310 a
788 265 979 311 natura
1019 260 1159 310 datis
1201 261 1572 322 temperantia,
1617 261 1903 319 modestia,

210 338 411 386 iustitia
445 342 497 386 et
531 337 709 386 omnis
744 336 1005 386 honestas
1040 335 1273 397 perfecte
1307 334 1560 385 absoluta
1594 341 1688 386 est.

284 410 484 469 HabeS,
519 412 759 473 inquam,
795 409 944 468 Cato,
979 410 1207 460 formam
1243 423 1446 467 eorum,
1493 409 1562 459 de
1595 410 1794 472 quibus
1829 410 1906 460 lo-

211 499 362 547 quor,
405 485 876 547 philosophorum.
941 498 1051 547 qua
1091 485 1342 546 exposita
1381 485 1516 533 scire
1558 486 1721 546 cupio
1763 498 1906 547 quae

211 573 378 609 causa
410 561 492 618 sit,
535 574 625 609 cur
664 559 815 610 Zeno
857 558 927 608 ab
973 558 1077 608 hac
1117 559 1343 621 antiqua
1387 559 1774 609 constitutione
1815 559 1906 609 de·
1952 571 1975 604 5

211 635 439 692 sciverit,
459 634 723 696 quidnam
743 634 936 684 horum
953 633 1022 682 ab
1042 647 1109 684 eo
1128 647 1240 684 non
1260 634 1327 683 sit
1345 633 1656 695 probatum;
1683 633 1906 696 quodne

211 722 434 759 omnem
468 713 716 758 naturam
751 709 1204 758 conservatricem
1247 708 1330 757 sui
1364 707 1607 766 dixerint,
1653 721 1722 757 an
1757 707 1906 770 quod

211 797 377 834 omne
396 783 598 832 animal
624 784 805 845 ipsum
833 782 936 832 sibi
963 782 1424 840 commendatum,
1451 787 1509 831 ut
1531 795 1589 832 se
1616 787 1668 832 et
1693 782 1905 832 salvum

212 859 266 907 in
299 872 401 908 suo
435 871 637 921 genere
671 862 723 907 et
756 857 1032 907 incolume
1056 856 1235 915 vellet,
1270 870 1339 906 an
1371 851 1608 919 <quod>,
1644 871 1766 906 cum
1793 870 1908 907 om-

210 934 362 982 nium
396 934 589 982 artium
623 932 747 982 finis
780 933 826 981 is
859 936 1017 990 esset,
1052 945 1217 993 quem
1251 936 1444 980 natura
1476 932 1714 981 maxime
1741 944 1906 993 quae·
1933 943 1976 978 ιο

211 1012 362 1065 reret,
395 1007 543 1057 idem
579 1007 741 1056 statui
775 1006 975 1056 debere
1005 1006 1074 1055 de
1107 1007 1274 1056 totius
1307 1010 1420 1055 arte
1443 1007 1605 1064 vitae,
1638 1019 1708 1055 an
1743 1005 1908 1068 quod,

211 1095 335 1130 cum
371 1095 437 1131 ex
471 1082 657 1131 animo
693 1086 1067 1131 constaremus
1102 1085 1155 1130 et
1188 1094 1428 1142 corpore,
1463 1085 1515 1130 et
1548 1080 1684 1130 haec
1710 1081 1831 1142 ipsa
1856 1085 1909 1129 et

213 1169 402 1206 eorum
436 1157 661 1206 virtutes
696 1170 790 1217 per
824 1170 883 1205 se
917 1169 1039 1205 esse
1074 1155 1386 1205 sumendas
1449 1168 1519 1203 an
1551 1168 1682 1204 vero
1725 1154 1910 1216 displi-

213 1232 322 1280 cuit
355 1244 435 1290 ea,
482 1244 625 1293 quae
666 1230 863 1279 tributa
905 1234 986 1280 est
1026 1230 1193 1279 animi
1232 1229 1520 1279 virtutibus
1569 1234 1719 1278 tanta
1760 1242 1910 1291 prae-

213 1306 448 1356 stantia?
511 1318 581 1354 an
623 1318 766 1367 quae
800 1304 868 1354 de
910 1304 1210 1366 prudentia,
1252 1304 1321 1354 de
1362 1304 1677 1366 cognitione
1719 1317 1909 1361 rerum,
1937 1318 1982 1353 15

214 1379 284 1429 de
326 1380 711 1430 coniunctione
752 1380 967 1442 generis
1008 1378 1248 1437 humani,
1293 1392 1546 1440 quaeque
1591 1378 1660 1427 ab
1701 1377 1908 1427 eisdem

214 1454 284 1503 de
309 1455 683 1516 temperantia,
718 1454 787 1503 de
812 1453 1099 1511 modestia,
1133 1452 1202 1503 de
1227 1452 1606 1515 magnitudine
1633 1453 1815 1510 animi,
1841 1452 1910 1501 de

217 1530 367 1578 omni
401 1529 688 1579 honestate
723 1528 1009 1578 dicuntur?
1071 1527 1382 1577 fatebuntur
1414 1525 1582 1577 Stoici
1615 1527 1752 1576 haec
1797 1541 1911 1577 om-

212 1604 304 1653 nia
344 1603 488 1653 dicta
533 1617 654 1653 esse
700 1602 988 1665 praeclare,
1036 1616 1217 1665 neque
1263 1615 1386 1652 eam
1433 1615 1655 1651 causam
1700 1601 1911 1652 Zenoni

215 1677 555 1728 desciscendi
582 1677 764 1728 fuisse.
816 1675 941 1727 Alia
966 1676 1240 1739 quaedam
1267 1676 1463 1734 dicent,
1498 1675 1676 1734 credo,
1709 1688 1912 1738 magna
1935 1691 1981 1726 20

216 1753 565 1814 antiquorum
609 1766 731 1802 esse
772 1756 1012 1814 peccata,
1061 1765 1204 1814 quae
1252 1750 1342 1801 ille
1384 1751 1498 1801 veri
1544 1749 1911 1813 investigandi

210 1826 448 1889 *cupidus
482 1826 633 1877 nullo
667 1826 836 1876 modo
871 1826 1005 1876 ferre
1039 1826 1288 1887 potuerit.
1353 1825 1484 1887 quid
1519 1826 1664 1875 enim
1700 1836 1913 1886 perver-

216 1902 344 1959 siuS,
371 1901 503 1964 quid
531 1900 939 1958 intolerabilius
967 1899 1099 1962 quid
1126 1899 1340 1949 stultius
1367 1912 1532 1961 quam
1558 1899 1762 1949 bonam
1781 1897 1913 1948 vali-

216 1975 477 2033 tudinem,
512 1988 679 2037 quam
714 1974 966 2025 dolorum
993 1975 1240 2024 omnium
1264 1975 1610 2032 vacuitatem,
1644 1986 1810 2035 quam
1836 1974 1914 2022 in-

217 2051 522 2113 tegritatem
557 2048 841 2099 oculorum
866 2048 1310 2111 reliquorumque
1336 2061 1599 2097 sensuum
1625 2061 1830 2110 ponere
1858 2048 1912 2096 in
1936 2066 1982 2101 25

218 2124 378 2174 bonis
412 2125 609 2186 potiuS,
643 2136 810 2186 quam
845 2123 1086 2173 dicerent
1118 2122 1250 2172 nihil
1286 2123 1512 2172 omnino
1547 2123 1683 2172 inter
1708 2135 1802 2172 eas
1828 2135 1912 2171 res

217 2199 394 2261 iisque
428 2199 722 2248 contrarias
763 2198 1062 2248 interesse?
1124 2210 1191 2247 ea
1231 2198 1377 2247 enim
1412 2197 1612 2254 omnia,
1652 2209 1797 2258 quae
1836 2195 1912 2244 illi

218 2273 367 2323 bona
400 2272 653 2330 dicerent,
689 2273 1002 2334 praeposita
1035 2285 1172 2330 esse,
1205 2285 1317 2321 non
1344 2271 1506 2329 bona,
1540 2272 1781 2332 itemque
1806 2269 1912 2327 illa,

218 2360 360 2409 quae
409 2347 463 2395 in
514 2359 739 2408 corpore
798 2345 1145 2403 excellerent,
1197 2345 1358 2395 stulte
1406 2346 1662 2407 antiquos
1711 2343 1912 2393 dixisse

217 2434 312 2483 per
352 2435 411 2470 se
453 2434 575 2470 esse
617 2420 946 2482 expetenda;
995 2419 1265 2469 sumenda
1310 2421 1491 2481 potius
1537 2432 1703 2481 quam
1751 2431 1912 2480 expe·
1937 2437 1985 2473 30

294 2537 314 2577 1
351 2540 396 2578 et
427 2537 467 2578 V
499 2549 588 2578 om.
614 2537 792 2578 BERN
825 2535 911 2586 (ad
942 2537 1098 2583 initiis,
1126 2540 1175 2576 ut
1207 2540 1314 2577 ante
1347 2537 1457 2582 dixi,
1491 2539 1537 2576 et
1568 2536 1823 2576 seminibus
1854 2535 1910 2584 cf.

214 2608 261 2647 p.
289 2601 377 2646 127,
405 2601 453 2636 14
485 2599 532 2637 et
560 2594 606 2645 9)
748 2596 772 2636 7
806 2596 1017 2637 dixerunt
1047 2595 1139 2637 RV
1283 2594 1310 2635 8
1342 2598 1388 2636 et
1420 2591 1558 2646 (post
1587 2591 1777 2644 genere)
1810 2595 1911 2634 cod.

217 2656 339 2696 Leid.
364 2656 607 2706 Madvigii,
640 2667 730 2696 om.
754 2655 985 2696 BERNV
1086 2654 1114 2694 9
1146 2654 1378 2695 incolume
1410 2655 1511 2695 cod.
1537 2654 1659 2694 Leid.
1684 2653 1914 2702 Madviyii

217 2714 451 2756 incolume
491 2714 574 2755 BE
621 2714 823 2755 incolum
863 2714 951 2756 RN
996 2714 1373 2763 incolumemque
1403 2713 1445 2754 V
1492 2710 1558 2762 (et
1600 2711 1832 2753 incolume
1856 2727 1912 2741 =

214 2785 261 2824 ρ.
282 2778 369 2824 126,
387 2779 439 2814 22
470 2777 519 2814 ut
550 2777 596 2814 et
627 2774 755 2813 salva
795 2775 873 2820 slt;
914 2776 959 2814 et
991 2773 1166 2814 salvum
1199 2774 1247 2813 in
1279 2783 1365 2813 suo
1397 2782 1568 2822 genere
1600 2787 1655 2802 =
1677 2774 1765 2819 126,
1784 2774 1836 2810 23
1869 2773 1914 2810 et

218 2834 264 2872 in
297 2844 470 2883 genere
494 2836 789 2874 conservetur
818 2829 924 2883 suo)
1026 2833 1152 2882 quod
1184 2833 1295 2873 add.
1328 2831 1446 2872 Dav.
1555 2830 1606 2871 12
1639 2831 1728 2870 hec
1752 2829 1793 2870 V
1825 2830 1913 2870 hac

296 2892 350 2932 16
382 2892 557 2933 eisdem
590 2891 727 2932 RNV
768 2891 948 2933 hisdem
980 2891 1063 2931 BE
1213 2891 1265 2931 21
1301 2891 1395 2931 veri
1436 2886 1590 2939 (cortu,
1626 2891 1680 2930 ut
1712 2890 1912 2937 videtur,

219 2962 272 2990 ex
303 2948 429 3000 vere)
462 2951 502 2991 N
535 2961 641 2991 vere
673 2950 806 2991 BEV
838 2961 947 2991 vero
980 2950 1019 2991 R
