2046 3138
199 155 271 205 88
520 186 524 188 Α
625 147 711 192 DE
744 146 997 193 FlNlBUS
1030 145 1180 193 BON.
1214 146 1292 191 ET
1325 146 1478 192 MAL.
1725 151 1984 194 mamea

159 335 161 337 .
198 294 256 338 ut
289 289 534 338 omittam
569 288 668 337 has
702 289 827 338 artis
862 287 1142 350 elegantes
1169 291 1221 337 et
1253 287 1538 350 ingenuaS‚
1570 301 1640 338 ne
1666 287 1892 350 opifices

198 362 421 426 quidem
466 363 601 412 tueri
642 375 742 412 sua
783 361 1008 412 artificia
1040 366 1281 424 possent,
1325 362 1429 411 nisi
1460 361 1746 412 vocabulis
1779 368 1894 413 ute-1

196 442 377 486 rentur
417 437 577 487 nobis
619 437 927 499 incognitiS,
972 437 1182 487 usitatis
1224 436 1343 487 sibi.
1399 437 1530 498 quin
1572 438 1735 486 etiam
1777 437 1891 500 agri

198 510 419 569 cultura,
453 524 596 573 quae
628 510 883 562 abhorret
914 511 983 560 ab
1018 511 1169 561 omni
1203 509 1454 572 politiore
1488 509 1775 573 elegantia,
1815 516 1891 561 ta-

196 599 322 636 men
349 599 451 638 *eas
477 599 576 643 reS,
610 586 664 635 in
692 585 892 647 quibus
917 589 1177 643 versatur,
1210 585 1528 635 nominibus
1554 586 1765 636 notavit
1797 599 1893 636 no·
1938 596 1962 632 5

193 660 293 710 vis,
349 673 459 722 quo
493 660 670 722 magis
703 659 810 709 hoc
843 659 1177 721 philosopho
1203 658 1516 709 faciendum
1543 664 1638 710 est.
1693 673 1779 709 ars
1813 665 1894 710 est

196 734 341 783 enim
368 733 722 796 philosophia
745 735 907 792 vitae,
933 733 1004 784 de
1030 747 1140 796 qua
1165 733 1440 784 disserens
1465 734 1699 796 arripere
1723 734 1893 785 verba

196 808 265 858 de
290 807 407 859 foro
426 822 540 859 non
559 813 754 870 potest.
804 805 1155 871 Quamquam
1175 821 1241 858 ex
1267 808 1524 858 omnibus
1547 808 1894 871 philosophis

194 881 362 933 Stoici
403 882 637 945 plurima
668 886 1030 941 novaverunt,
1072 882 1353 945 Zenoque,
1394 896 1584 933 eorum
1625 884 1892 945 princeps,

192 971 304 1007 non
338 961 450 1007 tam
483 971 660 1007 rerum
687 958 939 1007 inventor
963 956 1063 1007 fuit
1095 970 1261 1019 quam
1285 956 1579 1007 verborum
1604 971 1891 1019 novorum,
1918 969 1962 1005 ιο

193 1031 393 1093 quodsi
425 1031 480 1080 in
515 1045 581 1082 ea
613 1031 816 1094 lingua,
861 1044 1027 1094 quam
1062 1031 1307 1094 plerique
1340 1031 1648 1082 uberiorem
1671 1036 1889 1094 putant,

192 1119 518 1156 concessum
552 1119 585 1155 a
619 1104 849 1156 Graecia
881 1110 964 1157 est
994 1110 1054 1155 ut
1081 1105 1388 1157 ,doctissimi
1422 1105 1675 1156 homines
1708 1106 1778 1156 de
1810 1120 1888 1156 re-

192 1180 294 1229 bus
326 1194 440 1230 non
474 1181 785 1243 pervagatis
825 1181 1100 1230 inusitatis
1126 1180 1308 1230 verbis
1349 1184 1638 1238 uterentur,
1680 1185 1886 1243 quanto

190 1254 245 1303 id
278 1255 439 1304 nobis
472 1255 649 1317 magis
683 1259 766 1304 est
798 1254 1232 1313 concedendurn,
1266 1255 1359 1317 qui
1390 1267 1456 1304 ea
1480 1268 1627 1304 nunc
1652 1255 1886 1317 primum

190 1328 459 1379 audemus
486 1330 788 1391 attingere?
844 1333 897 1379 et
922 1330 1184 1391 quoniam
1211 1342 1380 1390 saepe
1406 1329 1658 1387 diximus,
1679 1334 1745 1382 vet
1770 1330 1886 1391 qui·
1912 1341 1958 1375 15

189 1403 315 1453 dem
361 1417 485 1452 curn
530 1402 716 1465 aliqua
759 1402 982 1466 querela
1024 1417 1136 1454 non
1183 1401 1515 1453 Graecorum
1556 1403 1742 1462 mode,
1785 1403 1883 1454 sed

189 1491 377 1527 eorum
412 1478 591 1535 etiarn,
636 1478 730 1539 qui
763 1490 823 1527 se
857 1476 1097 1528 Graecos
1130 1478 1308 1540 magis
1342 1491 1507 1540 quam
1541 1482 1758 1528 nostros
1791 1477 1894 1526 ha-v

187 1552 300 1601 beri
339 1551 548 1610 volunt,
592 1565 695 1602 nos
736 1565 849 1602 non
890 1551 1059 1602 modo
1100 1565 1213 1602 non
1253 1553 1399 1601 vinci
1439 1565 1472 1601 a
1505 1550 1727 1602 Graecis
1767 1565 1887 1602 ver-

186 1626 381 1676 borum
422 1627 597 1687 copia,
638 1625 737 1676 sed
771 1639 894 1676 esse
935 1627 989 1675 in
1024 1639 1091 1676 ea
1131 1627 1294 1676 etiam
1336 1627 1659 1688 superioreS,
1700 1625 1884 1677 elabo-

185 1700 416 1751 randum
459 1705 541 1750 est
580 1705 639 1749 ut
678 1700 785 1752 hoc
824 1714 937 1751 non
978 1701 1033 1750 in
1066 1701 1264 1750 nostris
1298 1700 1479 1751 solum
1520 1700 1740 1759 artibuS,
1784 1700 1883 1750 sed
1906 1711 1953 1747 20

186 1775 349 1823 etiam
382 1775 437 1824 in
471 1774 685 1826 illorum
727 1775 971 1837 ipsorum
1006 1774 1389 1837 adsequamur.
1445 1788 1783 1837 quamquam
1817 1788 1883 1825 ea

183 1849 366 1906 verba,
409 1848 608 1911 quibus
649 1849 895 1900 instituto
928 1853 1175 1899 veterum
1208 1849 1408 1898 utimur
1441 1863 1538 1911 pro
1572 1848 1791 1907 LatiniS,
1824 1854 1883 1898 ut

184 1923 305 1984 ipsa
345 1922 713 1987 philosophia,
754 1927 812 1971 ut
851 1922 1131 1981 rhetorica,
1172 1922 1471 1982 dialectica,
1512 1924 1881 1985 grammatica,

182 1997 499 2059 geometria,
531 1998 756 2055 musica,
790 2010 1127 2059 quamquam
1161 1996 1350 2047 Latine
1384 2010 1450 2047 ea
1483 1997 1588 2047 dici
1615 2002 1890 2059 poterant,

182 2076 381 2129 tamen,
415 2071 678 2134 quoniam
712 2085 815 2120 usu
849 2075 1107 2134 percepta
1138 2075 1278 2130 sunt,
1311 2075 1498 2121 nostra
1522 2071 1805 2121 ducamus
1872 2110 1874 2112 .
1902 2082 1966 2118 254

254 2144 437 2207 Atque
477 2145 615 2195 haec
655 2145 879 2207 quidem
921 2145 991 2195 de
1030 2159 1207 2195 rerum
1248 2146 1581 2196 nominibuS.
1637 2146 1706 2196 de
1745 2146 1888 2208 ipsis„

181 2220 345 2269 rebus
379 2224 562 2269 autem
597 2233 1014 2282 saepenumero,
1047 2219 1225 2278 Brute,
1264 2233 1457 2271 vereor
1488 2233 1559 2270 ne
1591 2219 1886 2282 reprehen-.

182 2293 291 2352 dar,
326 2307 449 2346 cum
483 2293 621 2344 haec
653 2294 723 2343 ad
756 2299 809 2344 te
843 2293 1089 2352 scribam,
1131 2294 1225 2356 qui
1265 2308 1389 2344 cum
1422 2295 1477 2343 in
1512 2293 1877 2356 philosophia,

181 2372 295 2417 tum
330 2368 385 2417 in
419 2369 629 2429 optimo
656 2381 857 2431 genere
883 2368 1270 2431 philosophiae
1295 2372 1506 2418 tantum
1533 2369 1876 2430 processeris

181 2441 331 2503 quod
366 2442 410 2491 si
443 2441 677 2492 facerem
712 2443 868 2505 quasi
902 2447 955 2492 te
989 2442 1259 2501 erudienS,
1290 2443 1406 2492 iure
1438 2442 1875 2504 reprehenderer.
1897 2452 1949 2488 30

181 2515 279 2565 sed
304 2515 390 2570 ,ab
433 2529 500 2566 eo
541 2515 834 2578 plurimum
876 2516 1071 2569 absum
1112 2530 1309 2579 neque,
1349 2521 1408 2566 ut
1448 2530 1515 2566 ea
1555 2530 1892 2579 cognoscas,

181 2603 324 2650 quae
356 2589 452 2639 tibi
478 2591 765 2640 notissima
790 2595 929 2648 sunt,
963 2590 1033 2639 ad
1059 2595 1112 2640 te
1137 2591 1307 2648 mitto,
1341 2590 1439 2640 sed
1467 2592 1596 2652 quia
1620 2590 1874 2640 facillime

256 2736 275 2775 1
313 2735 509 2785 opifices
540 2736 581 2776 N
614 2736 798 2786 opificis
830 2736 963 2778 AER
995 2738 1192 2786 opositis
1222 2736 1260 2776 Β
1295 2736 1453 2786 opifex
1483 2735 1526 2777 V
1660 2735 1687 2776 5
1719 2746 1801 2776 eas
1831 2735 1873 2775 V

177 2806 233 2835 ea
342 2794 374 2834 <9
395 2794 563 2847 Stoyci
593 2794 635 2836 V
667 2795 835 2836 Stoicis
868 2792 1061 2847 (Stoyc.)
1173 2795 1227 2835 12
1260 2806 1288 2835 a
1321 2794 1515 2836 Graecia
1545 2806 1634 2836 om.
1667 2793 1750 2835 BE
1781 2790 1896 2843 (se-··

177 2855 340 2903 quitur
364 2855 500 2896 nobis
518 2871 573 2885 =
592 2854 826 2902 Romanis,
852 2856 881 2896 i.
899 2866 935 2896 e.
952 2854 1149 2896 Romani
1174 2855 1432 2896 concedere
1457 2851 1648 2904 debent)
1739 2853 1793 2893 15
1826 2858 1873 2894 et
1893 2891 1896 2894 .

177 2909 309 2961 (ante
342 2911 581 2963 quoniam)
613 2914 738 2955 Mdv.
771 2914 857 2955 etsi
963 2914 1016 2954 21
1054 2910 1350 2964 quamquam]
1385 2923 1524 2963 quam
1546 2911 1590 2953 A
1697 2912 1754 2953 22
1787 2923 1898 2963 pro,v

177 2972 330 3012 latinis
354 2972 395 3012 N
428 2973 696 3020 prolationis
730 2969 936 3022 (prolaci.
969 2970 1069 3023 BE)
1728 3006 1731 3008 ,
1894 2976 1896 2979 “
