2046 3138
64 129 93 183 5
118 132 266 174 8-12
575 126 661 172 DE
693 125 946 173 FINIBUS
981 125 1130 172 BON.
1165 126 1242 171 ET
1276 125 1428 171 MAL.
1783 133 1846 182 91

231 268 457 319 Minime
495 282 643 326 vero,
687 269 863 330 inquit
903 267 1006 326 ille,
1048 268 1332 318 consentit.
1404 266 1665 329 quicquid
1707 267 1853 316 enim

157 348 367 407 praeter
392 343 462 401 id,
496 342 647 406 quod
673 342 967 393 honestum
994 343 1075 400 sit,
1110 341 1480 404 expetendum
1507 354 1629 392 esse
1655 340 1854 390 dixeris

156 419 211 469 in
245 418 518 480 bonisque
542 418 930 475 numeraveriS,
964 421 1016 467 et
1042 416 1334 467 honestum
1362 417 1543 478 ipsum
1570 416 1728 478 quasi
1752 416 1855 465 vir-

156 494 284 543 tutis
318 491 503 542 lumen
538 492 828 542 extinxeris
862 496 914 541 et
945 492 1199 541 virtutem
1235 492 1452 553 penitus
1486 491 1758 541 everteris,

95 577 134 612 ,5
232 566 496 616 Dicuntur
528 567 645 624 ista,
687 564 837 623 Cato,
871 565 1177 628 magnifice,
1218 566 1460 628 inquam,
1493 565 1591 615 sed
1623 565 1855 615 videsne
1891 568 1941 609 11

155 641 447 692 verborum
481 640 711 703 gloriam
745 640 841 689 tibi
875 654 998 689 cum
1033 640 1308 703 Pyrrhone
1342 645 1395 690 et
1427 654 1551 689 cum
1584 638 1854 697 Aristone,

0 463 3 491 l

157 716 251 779 qui
284 716 471 765 omnia
497 719 822 777 exaequant,
856 728 978 764 esse
1005 716 1395 765 communem?
1443 714 1512 764 de
1539 714 1740 776 quibus
1766 727 1855 763 cu-

158 791 250 854 pio
285 790 420 839 scire
454 789 586 852 quid
621 790 840 839 sentias,

231 863 421 927 Egone
461 865 692 926 quaeris,
736 864 926 925 inquit,
976 863 1107 926 quid
1157 864 1429 913 sentiam?
1492 877 1633 925 quos
1674 862 1855 913 bonos

89 948 136 985 ιο
156 940 319 997 viros
351 938 531 997 forteS,
564 939 752 996 iustOS,
785 938 1099 988 moderatos
1133 943 1226 987 aut
1251 937 1563 987 audivimus
1597 938 1651 987 in
1677 951 1733 987 re
1759 951 1855 1000 pu-

157 1013 300 1064 blica
332 1012 500 1063 fuisse
533 1018 627 1062 aut
658 1014 762 1075 ipsi
786 1012 1042 1071 vidimuS,
1076 1014 1168 1074 qui
1202 1013 1321 1062 sine
1346 1011 1458 1062 ulla
1483 1011 1730 1062 doctrina
1762 1025 1856 1061 na-

157 1092 332 1138 turam
358 1088 535 1149 ipsam
561 1088 733 1137 secuti
758 1086 930 1136 multa
947 1086 1245 1136 laudabilia
1262 1086 1518 1144 iecerunt,
1545 1100 1641 1136 eos
1659 1085 1856 1136 melius

157 1176 191 1212 a
230 1167 423 1211 natura
467 1163 741 1212 institutos
781 1161 964 1219 fuisse,
1009 1175 1175 1224 quam
1221 1162 1427 1211 institui
1473 1162 1781 1223 potuissent
1824 1174 1857 1210 a

159 1236 525 1300 philosophia,
565 1238 610 1286 si
643 1236 810 1286 ullam
853 1235 1016 1285 aliam
1052 1236 1434 1298 probavissent
1474 1240 1685 1298 praeter
1717 1249 1856 1293 eam,

91 1321 135 1356 15
158 1324 303 1374 quae
335 1310 469 1360 nihil
502 1310 651 1360 aliud
685 1312 739 1360 in
773 1311 934 1361 bonis
975 1310 1200 1361 haberet
1232 1311 1336 1360 nisi
1369 1310 1679 1368 honestum,
1720 1310 1855 1360 nihil

157 1386 262 1436 nisi
295 1390 452 1447 turpe
484 1387 538 1435 in
573 1385 754 1443 malis;
788 1390 999 1435 ceterae
1034 1384 1491 1447 philosophorum
1518 1384 1856 1447 disciplinae,

159 1460 387 1511 omnino
429 1460 537 1510 alia
568 1461 745 1523 magis
778 1459 899 1518 alia,
940 1460 1038 1510 sed
1079 1465 1263 1510 tamen
1305 1473 1515 1517 omneS,
1559 1473 1703 1522 quae
1743 1473 1856 1510 rem

159 1534 327 1584 ullam
359 1536 570 1584 virtutis
612 1539 890 1597 expertem
930 1539 1024 1583 aut
1063 1536 1118 1584 in
1152 1534 1313 1585 bonis
1354 1538 1448 1584 aut
1480 1535 1534 1583 in
1568 1534 1727 1584 malis
1760 1548 1858 1583 nu-

159 1613 383 1667 merent,
429 1623 524 1659 eas
563 1623 676 1660 non
718 1609 887 1659 modo
931 1608 1064 1658 nihil
1106 1609 1368 1661 adiuvare
1409 1608 1635 1659 arbitror
1674 1622 1858 1671 neque

91 1693 138 1730 20
160 1683 388 1742 firmare,
429 1698 540 1746 quo
574 1683 828 1734 meliores
861 1684 1048 1741 simUS,
1089 1683 1187 1733 sed
1220 1684 1397 1745 ipsam
1432 1683 1732 1745 depravare
1764 1697 1859 1735 na-

161 1763 352 1808 turam.
407 1772 536 1807 nam
569 1759 674 1808 nisi
707 1757 814 1808 hoc
839 1759 1161 1820 optineatur,
1195 1758 1250 1807 id
1276 1757 1457 1808 solum
1484 1757 1693 1808 bonum
1721 1771 1857 1815 esse,

161 1832 313 1895 quod
346 1832 640 1883 honestum
674 1833 757 1891 sit,
792 1832 944 1882 nullo
978 1832 1147 1883 modo
1182 1832 1398 1895 probari
1432 1833 1607 1894 possit
1639 1832 1858 1882 beatam

158 1907 329 1957 vitam
361 1907 558 1957 virtute
592 1907 747 1958 eiiici.
803 1906 954 1969 quod
987 1908 1031 1956 si
1066 1908 1140 1956 ita
1172 1908 1253 1965 sit,
1291 1921 1383 1956 cur
1417 1920 1586 1968 opera
1618 1907 1859 1969 philoso-

163 1981 326 2043 phiae
360 1982 428 2030 sit
461 1981 646 2031 danda
677 1983 880 2032 nescio.
936 1982 980 2031 si
1015 1982 1161 2031 enim
1202 1982 1424 2044 sapiens
1465 1981 1663 2044 aliquis
1697 1983 1860 2032 miser

92 2066 139 2102 25
163 2069 285 2106 esse
326 2057 514 2117 possit,
557 2070 628 2106 ne
661 2069 766 2119 ego
801 2057 960 2105 istam
1001 2055 1298 2118 gloriosam
1332 2056 1860 2138 memorabilemque

159 2130 414 2179 virtutem
448 2144 560 2180 non
594 2144 798 2193 magno
833 2130 1234 2180 aestimandam
1269 2135 1471 2192 putem.

236 2201 394 2259 Quae
428 2204 623 2263 adhue,
665 2203 815 2263 Cat0,
856 2218 890 2254 a
921 2209 974 2255 te
1007 2205 1152 2254 dicta
1183 2210 1323 2263 sunt,
1365 2205 1576 2263 eadem,
1619 2206 1844 2268 inquam
1894 2175 1929 2225 4

1850 2245 1860 2263 ‚

160 2279 341 2329 dicere
375 2293 584 2341 posseS,
625 2280 670 2329 si
711 2293 1000 2341 sequerere
1033 2279 1365 2342 Pyrrhonem
1408 2285 1502 2329 aut
1533 2279 1860 2330 Aristonem.
1897 2246 1951 2287 ¹²

159 2367 263 2404 nec
307 2355 452 2403 enim
498 2355 719 2416 ignoras
763 2354 847 2403 his
892 2354 1036 2403 istud
1082 2354 1375 2404 honestum
1424 2368 1537 2405 non
1582 2369 1860 2404 summum

238 2484 258 2524 1
296 2486 522 2535 quidquid
546 2486 635 2527 BV
668 2487 880 2536 quitquid
903 2485 938 2525 E
972 2485 1095 2532 Quid
1120 2486 1247 2536 quod
1278 2486 1316 2527 R
1439 2486 1464 2526 7
1498 2490 1732 2536 exequant
1756 2498 1861 2527 esse

159 2543 215 2591 V,
248 2544 289 2584 N
321 2540 453 2595 (post
484 2548 500 2585 t
533 2557 643 2595 ras„
676 2557 727 2586 es
760 2546 822 2586 ab
855 2546 939 2586 alt.
974 2542 1081 2596 m.)‚·
1117 2548 1403 2595 exequantes
1437 2557 1488 2587 se
1521 2545 1659 2586 ABE
1698 2557 1756 2587 ex
1788 2557 1859 2587 se-

162 2607 358 2654 quentes
391 2616 442 2645 se
474 2605 512 2646 R
663 2605 690 2644 9
723 2606 872 2654 inquit
903 2605 943 2645 N
988 2605 1175 2655 lnquam
1331 2604 1385 2645 18
1418 2609 1653 2655 expertem
1686 2606 1861 2646 virtutis

160 2661 243 2704 BE
396 2663 453 2704 20
496 2662 692 2714 firmare]
739 2664 965 2705 affirmare
999 2660 1259 2713 (adfirmare
1299 2661 1375 2715 A).
1434 2659 1547 2706 ‘Aut
1589 2664 1860 2705 confirmare

160 2734 263 2764 cum
309 2721 388 2764 Or.
428 2725 726 2766 scribendum
774 2726 847 2764 est
895 2726 983 2765 aut
1021 2725 1184 2775 potius
1235 2724 1428 2770 firmare,
1481 2726 1557 2766 cui
1607 2736 1661 2764 ex
1707 2726 1859 2765 altero

161 2783 301 2824 verbo
334 2778 592 2834 (adiuvare)
621 2785 919 2835 praepositio
952 2778 1192 2825 adhaesit'
1227 2784 1351 2825 Mdv.
1498 2784 1554 2825 23
1587 2795 1666 2825 cur
1696 2784 1737 2824 N
1769 2794 1858 2825 om.

161 2841 393 2882 ABERV
497 2843 552 2883 27
587 2855 614 2883 a
638 2846 683 2884 te
715 2843 752 2883 B
786 2846 860 2884 ate
885 2842 919 2883 E
952 2846 1059 2884 ante
1163 2842 1219 2883 29
1253 2844 1324 2884 his
1349 2845 1453 2884 edd.
1488 2845 1568 2884 siis
1594 2843 1650 2890 A,
1683 2845 1721 2884 si
1754 2843 1858 2890 BE;

161 2901 202 2941 is
240 2897 378 2952 (post
416 2914 537 2944 eras.
575 2904 766 2944 brevi-ss.
803 2904 1038 2952 voc-abal„
1079 2904 1212 2944 cuius
1253 2904 1437 2945 initium
1469 2903 1500 2942 Γ
1544 2905 1859 2953 coynoscitur,

161 2960 271 3011 fort.
293 2958 355 3011 st)
389 2961 447 3008 R;
482 2963 553 3002 his
587 2958 636 3011 (h
668 2963 731 3004 ab
763 2964 847 3003 alt.
875 2974 932 3003 m.
959 2963 1005 3003 in
1041 2959 1157 3012 ras.)
1190 2962 1251 3008 N;
1285 2964 1323 3002 si
1356 2963 1395 3003 is
1419 2962 1460 3003 V
