2046 3138
17 117 45 169 ἓ
72 121 247 163 67-72
375 148 377 151 .
526 117 613 164 DE
645 117 899 165 FINIBUS
932 115 1081 165 BON.
1116 117 1194 165 ET
1227 117 1378 165 MAL.
1527 132 1529 134 ’
1702 125 1796 175 191

110 256 379 308 incendiis
410 256 819 308 inflammatum
854 258 908 307 in
940 259 1006 308 iis
1039 257 1333 321 potiendis,
1367 271 1508 321 quae
1539 258 1802 308 acerrime

111 331 534 394 concupivisset,
560 336 713 382 tanta
740 331 949 382 laetitia
974 331 1234 395 perfundi
1259 332 1605 390 arbitramur,
1631 344 1803 395 quan-

111 411 167 455 ta
217 411 314 456 aut
368 406 709 468 superiorem
763 406 1085 456 Africanum
1141 406 1450 458 Hannibale
1504 407 1652 458 victo
1705 411 1801 458 aut

109 480 473 541 posteriorem
498 479 838 542 Karthagine
859 494 1054 531 eversa
1067 482 1094 531 2
1114 494 1281 544 quem
1299 480 1557 532 Tiberina
1577 480 1805 531 descen-

64 569 86 603 5
110 554 192 604 sio
225 553 371 604 festo
403 553 499 604 illo
532 553 622 605 die
654 560 809 605 tanto
839 555 1049 617 gaudio
1082 555 1289 614 affecit,
1327 561 1534 618 quanto
1572 555 1627 605 L.
1664 555 1803 606 Pau-

110 628 239 686 lum,
286 642 408 679 cum
457 641 643 692 regem
690 628 911 680 Persem
960 635 1181 692 captum
1229 630 1544 689 adduceret,
1602 629 1806 715 eodem

110 702 342 754 flumine
380 704 657 754 invectio?

176 778 296 841 Age
337 792 496 837 nunc,
540 777 670 829 Luci
714 785 915 838 noster,
974 786 1165 831 extrue
1222 781 1408 831 animo
1451 779 1802 831 altitudinem
1839 792 1890 832 71

110 852 602 916 excellentiamque
652 854 943 905 virtutum:
996 855 1106 904 iam
1158 868 1269 905 non
1322 854 1617 912 dubitabis,
1672 855 1803 917 quin

44 941 87 976 10
110 940 300 978 earum
355 933 641 991 compotes
697 927 950 979 homines
1006 943 1212 992 magno
1267 930 1453 980 anlmo
1509 934 1804 991 erectoque

109 1003 360 1054 viventes
395 1015 613 1066 semper
648 1003 756 1054 sint
789 1003 950 1062 beati,
986 1004 1078 1066 qui
1112 1005 1294 1054 omnis
1328 1009 1513 1054 motus
1544 1003 1803 1054 fortunae

110 1078 557 1140 mutationesque
591 1090 774 1127 rerum
812 1083 868 1128 et
901 1084 1213 1141 temporum
1250 1078 1389 1129 levis
1424 1084 1477 1129 et
1515 1077 1804 1128 inbecillos

111 1150 231 1202 fore
268 1151 607 1215 intellegant,
648 1153 692 1202 si
731 1153 786 1202 in
824 1153 1043 1203 virtutis
1083 1158 1358 1203 certamen
1396 1153 1662 1204 venerint.
1708 1152 1805 1202 illa

110 1227 271 1284 enim,
324 1239 466 1289 quae
519 1232 647 1278 sunt
699 1241 732 1276 a
783 1227 946 1277 nobis
999 1227 1147 1278 bona
1200 1228 1448 1290 corporis
1497 1232 1801 1285 numerata,

45 1315 87 1350 15
112 1300 390 1363 complent
432 1313 499 1352 ea
543 1301 767 1364 quidem
811 1301 1190 1352 beatissimam
1234 1302 1421 1360 vitam,
1468 1301 1566 1353 sed
1612 1302 1703 1360 ita,
1743 1307 1804 1352 ut

112 1375 229 1426 sine
267 1375 376 1426 illis
418 1377 597 1438 possit
635 1375 798 1427 beata
836 1377 953 1427 vita
991 1377 1242 1427 existere.
1292 1378 1369 1426 ita
1405 1377 1550 1427 enim
1595 1388 1802 1439 parvae

110 1455 163 1500 et
198 1450 434 1513 exiguae
474 1455 602 1501 sunt
638 1451 778 1501 istae
815 1452 1162 1502 accessiones
1201 1451 1490 1509 bonorum,
1528 1456 1802 1513 ut‚,quem

110 1523 181 1574 ad
211 1524 441 1575 modum
475 1525 668 1576 stellae
698 1526 753 1575 in
785 1525 957 1575 radiis
990 1525 1139 1584 soliS,
1172 1526 1251 1576 sic
1275 1526 1414 1576 istae
1448 1526 1503 1575 in
1535 1526 1800 1576 virtutum

111 1597 410 1662 splendore
449 1613 518 1650 ne
563 1605 856 1651 cernantur
898 1600 1138 1663 quidem.

42 1688 88 1724 20
176 1673 358 1737 Atque
393 1673 500 1725 hoc
535 1679 595 1725 ut
631 1687 759 1725 vere
797 1674 1010 1733 dicitur,
1049 1688 1223 1737 parva
1258 1688 1382 1725 esse
1415 1674 1487 1724 ad
1526 1674 1687 1725 beate
1724 1675 1804 1724 vi·
1840 1687 1897 1727 72

110 1747 354 1799 vendum
413 1754 695 1799 momenta
754 1749 861 1800 ista
921 1750 1169 1812 corporis
1229 1749 1665 1807 commodorum,
1727 1749 1806 1800 sic

110 1823 274 1872 nimis
315 1822 622 1874 violentum
665 1828 748 1874 est
789 1823 943 1873 nulla
973 1837 1108 1874 esse
1151 1823 1356 1880 dicere;
1400 1824 1492 1886 qui
1532 1824 1678 1873 enim
1725 1823 1804 1874 sic

113 1896 415 1960 disputant,
444 1897 603 1948 obliti
631 1898 765 1947 mihi
793 1898 1066 1957 videntur,
1097 1911 1239 1960 quae
1269 1898 1375 1960 ipsi
1405 1897 1635 1948 fecerint
1660 1898 1807 1960 prin-

111 1971 255 2034 cipia
287 1977 534 2023 naturae.
580 1972 934 2024 tribuendum
970 1978 1054 2023 est
1088 1973 1256 2035 igitur
1290 1972 1375 2022 his
1411 1971 1636 2035 aliquid,
1670 1972 1803 2022 dum

42 2045 279 2096 amodo
327 2051 593 2108 quantum
642 2046 996 2097 tribuendum
1044 2047 1114 2097 sit
1160 2046 1467 2109 intellegas.
1525 2051 1610 2097 est
1654 2046 1802 2096 enim

112 2120 430 2183 philosophi
458 2133 569 2171 non
599 2126 711 2171 tam
739 2121 986 2183 gloriosa
1014 2135 1179 2183 quam
1207 2133 1340 2171 vera
1369 2121 1682 2184 quaerentis
1705 2134 1806 2172 nec

114 2207 214 2257 pro
244 2194 418 2245 nihilo
452 2200 647 2258 putare
678 2208 757 2253 ea,
791 2208 932 2258 quae
966 2195 1270 2246 secundum
1303 2200 1557 2246 naturam
1586 2195 1664 2245 illi
1699 2196 1806 2259 ipsi

111 2268 341 2331 gloriosi
377 2283 500 2320 esse
537 2269 869 2328 fatebantur,
904 2275 958 2320 et
993 2269 1181 2320 videre
1219 2266 1412 2336 (esse)
1447 2275 1659 2321 tantam
1691 2270 1803 2320 vim

113 2343 333 2394 virtutis
374 2349 710 2407 tantamque,
753 2349 814 2394 ut
854 2345 931 2395 ita
972 2343 1167 2402 dicam,
1209 2345 1595 2395 auctoritatem
1637 2344 1806 2395 hone-

43 2434 89 2470 30
113 2418 286 2476 statiS,
318 2424 378 2469 ut
412 2418 624 2481 reliqua
655 2432 766 2469 non
800 2418 895 2468 illa
930 2418 1152 2481 quidem
1186 2418 1354 2476 nulla,
1386 2418 1482 2469 sed
1519 2419 1606 2469 ita‘
1630 2426 1803 2482 parva

116 2492 238 2550 sint,
295 2498 356 2543 ut
414 2492 568 2542 nulla
625 2506 748 2544 esse
805 2492 1114 2543 videantur.
1168 2492 1307 2543 haec
1347 2498 1572 2545 estnec
1617 2494 1805 2544 omnia

115 2568 426 2630 spernentis
474 2572 691 2630 praeter
739 2567 999 2618 virtutem
1048 2571 1103 2618 et
1149 2566 1426 2619 virtutem
1458 2567 1639 2631 ipsam
1690 2568 1806 2619 suis

186 2725 214 2765 4
246 2726 479 2767 discensio
512 2725 651 2767 RNV
766 2725 791 2765 7
825 2726 1025 2773 invectio
1057 2719 1213 2767 BEN¹
1244 2726 1427 2768 invecto
1459 2719 1572 2768 ΒΝ2
1602 2726 1810 2767 inventio

111 2783 152 2825 V
280 2784 307 2825 8
340 2795 428 2835 age
460 2779 524 2826 Ν2
556 2796 677 2836 auge
811 2784 864 2824 16
897 2786 1149 2827 consistere
1181 2785 1220 2831 R
1341 2786 1397 2827 23
1430 2786 1620 2827 iecerint
1651 2786 1809 2827 Lamb.

112 2846 288 2895 egerint
400 2845 458 2886 25
490 2847 613 2887 enim
645 2845 765 2886 Dav.
798 2847 952 2885 tamen
1063 2843 1120 2885 28
1152 2845 1412 2887 fatebantur
1443 2842 1601 2896 (initio
1633 2846 1812 2887 scilicet

111 2906 419 2955 quaestionis,
444 2906 501 2956 cf.
528 2918 567 2947 υ.
585 2910 638 2946 23
662 2901 871 2954 fecerint)
897 2904 1084 2946 BRNV
1115 2904 1312 2946 fatentur
1335 2906 1376 2946 E·
1454 2906 1566 2947 add.
1593 2906 1810 2947 hocloco

111 2959 251 3015 Batfi',
281 2967 394 3017 post
426 2967 681 3007 honestatis
713 2960 775 3014 (υ.
800 2962 892 3014 29)
904 2961 1028 3007 Mdv.
1403 2987 1406 2991 ·
