2046 3138
3 146 32 199 ς
59 148 174 190 5-8
512 139 599 188 DE
631 137 885 187 F1N1Bus
918 136 1068 186 BON.
1102 136 1180 184 ET
1213 135 1366 183 MAL.
1688 141 1792 192 159

98 282 321 345 patetici
366 286 597 339 veteres,
646 293 881 344 quorum
928 278 1184 343 princeps
1230 274 1574 333 AristoteleS,
1609 286 1789 337 ,quem

96 360 328 419 excepto
359 355 589 407 Platone
620 353 771 405 haud
803 354 917 405 scio
948 367 1019 403 an
1045 357 1190 403 recte
1221 350 1454 402 dixerim
1485 348 1790 413 principem

98 430 578 493 philosophorum.
622 428 693 479 ad
730 442 828 479 eos
861 428 1029 491 igitur
1064 431 1322 477 converte
1352 430 1418 483 te,
1454 436 1679 487 quaeso
1722 435 1791 473 ex

95 518 285 556 eorum
325 504 471 554 enim
508 503 727 566 scriptis
764 508 818 554 et
854 501 1121 553 institutis
1157 514 1281 551 cum
1317 499 1500 550 omnis
1540 497 1793 548 doctrina

53 578 357 637 5liberalis‚
404 579 584 629 omnis
631 578 878 636 historia,
923 576 1104 628 omnis
1151 587 1332 626 sermo
1372 573 1600 636 elegans
1647 571 1790 622 sumi

99 659 297 717 potest,
342 658 458 703 tum
502 653 744 703 varietas
786 656 872 703 est
914 655 1068 702 tanta
1105 650 1322 707 artium,
1366 653 1426 700 ut
1466 660 1630 699 nemo
1673 647 1790 697 sine

97 742 164 779 eo
191 729 558 779 instrumento
585 726 657 777 ad
684 725 855 776 ullam
882 739 997 776 rem
1019 723 1375 775 illustriorem
1402 722 1537 773 satis
1563 726 1792 772 ornatus

99 803 278 866 possit
318 801 596 852 accedere.
649 800 719 851 ab
760 800 846 850 his
888 805 1152 857 oratores,
1189 798 1259 848 ab
1300 797 1386 847 his
1427 797 1791 860 imperatores

99 891 164 928 ac
201 891 382 928 rerum
425 875 771 939 publicarum
811 874 1087 938 principes
1127 873 1439 924 extiterunt.
1485 877 1545 922 ut
1582 870 1654 921 ad
1693 870 1792 920 mi-

35 974 76 1009 10
99 965 236 1002 nora
260 952 497 1010 veniam,
525 949 914 1007 mathematici,
942 952 1155 1012 poetae,
1183 947 1394 1005 musici,
1416 945 1615 997 medici
1642 944 1794 995 deni-

101 1039 206 1089 que
242 1039 310 1076 ex
345 1026 450 1075 hac
484 1031 767 1087 tamquam
805 1024 1053 1074 omniurn
1083 1021 1363 1073 artificum
1399 1020 1633 1072 officina
1668 1033 1793 1083 pro-

98 1100 227 1151 fecti
270 1105 412 1151 sunt.

170 1181 353 1244 Atque
377 1194 507 1244 ego:
533 1180 651 1232 Scis
675 1194 777 1238 me,
803 1182 1044 1243 inquam,
1061 1179 1215 1229 istud
1237 1178 1385 1229 idem
1410 1178 1627 1236 sentire,
1649 1177 1792 1233 Piso,
1828 1183 1854 1223 8

103 1255 199 1307 sed
233 1269 266 1306 a
298 1261 351 1307 te
382 1261 656 1318 oportune
689 1254 837 1306 facta
863 1255 1069 1305 mentio
1101 1259 1199 1304 est.
1243 1251 1429 1304 studet
1456 1253 1602 1304 enim
1636 1264 1794 1302 meus

37 1347 79 1382 15
101 1330 295 1380 audire
335 1329 524 1381 Cicero
567 1343 839 1393 quaenam
881 1330 951 1380 sit
990 1330 1150 1379 istius
1184 1328 1401 1386 veteris,
1442 1341 1607 1390 quam
1649 1339 1794 1377 com-

101 1418 392 1464 memoraS,
432 1404 767 1455 Academiae
810 1403 878 1454 de
916 1403 1125 1454 finibus
1165 1403 1438 1453 bonorum
1472 1401 1795 1464 Peripateti-

103 1493 402 1542 corumque
446 1479 733 1530 sententia.
787 1491 1076 1529 censemus
1117 1482 1302 1528 autem
1345 1475 1608 1527 facillime
1644 1481 1697 1526 te
1738 1475 1791 1524 id

101 1553 400 1616 explanare
433 1567 614 1616 posse,
648 1553 798 1616 quod
829 1558 883 1603 et
914 1551 1166 1603 Staseam
1193 1550 1625 1614 Neapolitanum
1656 1548 1795 1599 mul·

103 1634 190 1679 tos
224 1641 401 1679 annos
437 1628 697 1678 habueris
731 1626 883 1690 apud
918 1632 971 1677 te
999 1632 1052 1677 et
1086 1625 1400 1688 complures
1433 1626 1543 1676 iam
1576 1638 1794 1675 menses

35 1721 82 1757 20
102 1702 333 1753 Athenis
365 1702 503 1753 haec
532 1703 657 1765 ipsa
687 1707 740 1766 te
771 1716 839 1752 ex
864 1701 1138 1751 Antiocho
1169 1700 1462 1751 videamus
1492 1699 1795 1762 exquirere.

177 1776 242 1827 Et
278 1776 370 1827 ille
407 1776 619 1827 ridens:
654 1776 790 1840 Age,
828 1789 947 1839 age,
979 1776 1171 1839 inquit,
1209 1803 1272 1810 —-
1308 1775 1444 1825 satis
1476 1774 1622 1825 enirn
1663 1774 1796 1827 scite

104 1865 192 1902 me
227 1852 402 1902 nostri
440 1852 711 1902 sermonis
747 1851 1078 1914 principium
1114 1863 1238 1900 esse
1265 1848 1494 1900 voluisti
1530 1877 1594 1883 —-
1627 1862 1797 1911 expo-

104 1940 302 1976 namus
336 1925 693 1983 adolescenti,
731 1925 775 1975 si
811 1938 951 1988 quae
987 1924 1131 1975 forte
1159 1938 1474 1987 possumus.
1521 1923 1617 1974 dat
1649 1924 1794 1974 enim

105 2000 162 2050 id
194 2000 356 2051 nobis
392 2000 651 2058 solitudo,
686 1999 835 2063 quod
871 1999 917 2049 si
945 2000 1037 2062 qui
1071 1997 1209 2049 deus
1243 1998 1463 2056 diceret,
1491 2012 1796 2061 numquam

37 2094 82 2129 25
106 2079 358 2137 putarem
392 2088 480 2124 me
514 2075 570 2124 in
603 2073 907 2124 Academia
940 2079 1223 2136 tamquam
1254 2072 1651 2136 philosophum
1687 2072 1797 2122 dis-

106 2154 443 2211 putaturum.
481 2148 578 2198 sed
607 2161 690 2206 ne,
717 2147 850 2198 dum
877 2148 1005 2198 huic
1024 2146 1316 2211 obsequor,
1340 2147 1503 2198 vobis
1527 2147 1796 2198 molestus

108 2223 226 2273 sim.

181 2296 332 2355 Mihi,
364 2298 605 2359 inquam,
640 2296 733 2359 qui
765 2301 818 2348 te
849 2296 906 2346 id
933 2296 1116 2359 ipsum
1148 2296 1383 2359 rogavi?

178 2370 334 2429 Tum,
370 2370 609 2427 Quintus
645 2376 699 2421 et
733 2370 1075 2433 Pomponius
1111 2384 1233 2421 cum
1264 2370 1411 2420 idem
1447 2384 1508 2421 se
1541 2370 1684 2421 velle
1716 2370 1796 2421 di-

37 2467 84 2502 30
107 2446 331 2504 xissent,
361 2445 488 2496 Piso
519 2459 753 2496 exorsus
780 2450 878 2496 est.
919 2445 1076 2496 cuius
1099 2445 1277 2495 oratio
1305 2444 1545 2503 attende,
1573 2458 1797 2508 quaeso,

109 2519 289 2578 Brute,
334 2520 541 2570 satisne
583 2519 840 2570 videatur
879 2519 1138 2570 Antiochi
1182 2518 1472 2582 complexa
1508 2533 1632 2571 esse
1676 2533 1798 2572 sen-

108 2595 352 2652 tentiam,
377 2608 542 2656 quam
567 2594 681 2652 tibi,
707 2594 800 2656 qui
825 2593 1052 2644 fratrem
1071 2594 1191 2644 eius
1213 2593 1459 2645 Aristum
1483 2593 1800 2657 frequenter

108 2667 367 2726 audieriS‚
408 2669 647 2718 maxime
689 2668 980 2731 probatam
1021 2668 1294 2719 existimo.

185 2811 205 2851 1
243 2812 474 2861 principes
506 2812 543 2852 R
665 2811 691 2853 3
725 2815 941 2852 converte
973 2814 1018 2852 te
1043 2811 1135 2852 NV
1167 2815 1433 2852 convertere
1466 2811 1503 2852 R
1535 2815 1801 2853 convertere

107 2874 152 2911 te
183 2870 266 2911 BE
402 2871 451 2911 11
487 2870 680 2912 artificifi
711 2871 749 2912 R
882 2871 934 2913 13
967 2870 1028 2912 At
1058 2882 1149 2922 ego
1181 2871 1219 2912 R
1251 2871 1306 2912 Et
1337 2882 1428 2922 ego
1459 2871 1501 2913 V
1632 2871 1686 2912 14
1718 2873 1802 2913 sed

109 2942 136 2970 a
166 2935 212 2971 te
333 2930 529 2981 Peripat.
562 2932 790 2972 sententia
828 2931 948 2972 Non.
978 2943 1026 2982 ρ.
1044 2935 1092 2971 91
1135 2934 1204 2972 est
1243 2932 1327 2972 sed
1360 2935 1405 2972 et
1437 2933 1559 2972 enim
1591 2931 1712 2973 Non.

112 2988 165 3029 18
199 2989 406 3031 Staseam
439 2992 556 3032 dett.
589 2994 716 3031 stans
749 3002 851 3032 eam
973 2990 1030 3031 22
1063 2992 1249 3032 videtur
1279 2992 1549 3043 leyendum:
1581 2993 1628 3033 in
1662 3003 1735 3033 me
