<?xml version="1.0" encoding="UTF-8"?>
<!DOCTYPE html PUBLIC "-//W3C//DTD XHTML 1.0 Transitional//EN"
    "http://www.w3.org/TR/xhtml1/DTD/xhtml1-transitional.dtd">
<html xmlns="http://www.w3.org/1999/xhtml" xml:lang="en" lang="en">
 <head>
  <title>
</title>
<meta http-equiv="Content-Type" content="text/html;charset=utf-8" />
  <meta name='ocr-system' content='tesseract 3.04.00' />
  <meta name='ocr-capabilities' content='ocr_page ocr_carea ocr_par ocr_line ocrx_word'/>
</head>
<body>
  <div class='ocr_page' id='page_1' title='image "./p1scriptaquaeman13ciceuoft_0034.png"; bbox 0 0 2002 3068; ppageno 0'>
   <div class='ocr_carea' id='block_1_1' title="bbox 79 424 130 466">
    <p class='ocr_par' dir='ltr' id='par_1_1' title="bbox 79 424 130 466">
     <span class='ocr_line' id='line_1_1' title="bbox 79 424 130 466; baseline -0.02 0"><span class='ocrx_word' id='word_1_1' title='bbox 79 424 130 466; x_wconf 87' lang='lat'>31</span> 
     </span>
    </p>
   </div>
   <div class='ocr_carea' id='block_1_2' title="bbox 72 1427 143 1539">
    <p class='ocr_par' dir='ltr' id='par_1_2' title="bbox 72 1427 143 1539">
     <span class='ocr_line' id='line_1_2' title="bbox 78 1427 143 1476; baseline 0.015 -1"><span class='ocrx_word' id='word_1_2' title='bbox 78 1427 143 1476; x_wconf 90' lang='grc'>10</span> 
     </span>
     <span class='ocr_line' id='line_1_3' title="bbox 72 1498 128 1539; baseline -0.018 0"><span class='ocrx_word' id='word_1_3' title='bbox 72 1498 128 1539; x_wconf 88' lang='grc'>32</span> 
     </span>
    </p>
   </div>
   <div class='ocr_carea' id='block_1_3' title="bbox 176 52 1948 114">
    <p class='ocr_par' dir='ltr' id='par_1_3' title="bbox 176 52 1948 114">
     <span class='ocr_line' id='line_1_4' title="bbox 176 52 1948 114; baseline 0.001 -13"><span class='ocrx_word' id='word_1_4' title='bbox 176 63 240 114; x_wconf 83' lang='lat'>14</span> <span class='ocrx_word' id='word_1_5' title='bbox 594 53 679 102; x_wconf 85' lang='lat' dir='ltr'>DE</span> <span class='ocrx_word' id='word_1_6' title='bbox 711 52 964 102; x_wconf 79' lang='lat' dir='ltr'>F1Nlssus</span> <span class='ocrx_word' id='word_1_7' title='bbox 998 54 1147 102; x_wconf 72' lang='lat' dir='ltr'>Bou.</span> <span class='ocrx_word' id='word_1_8' title='bbox 1181 54 1259 101; x_wconf 87' lang='lat' dir='ltr'>ET</span> <span class='ocrx_word' id='word_1_9' title='bbox 1293 52 1443 102; x_wconf 83' lang='lat' dir='ltr'><strong>MAL.</strong></span> <span class='ocrx_word' id='word_1_10' title='bbox 1611 59 1948 103; x_wconf 59' lang='lat' dir='ltr'>mmm-10</span> 
     </span>
    </p>
   </div>
   <div class='ocr_carea' id='block_1_4' title="bbox 159 196 1926 2348">
    <p class='ocr_par' dir='ltr' id='par_1_4' title="bbox 162 196 1926 1454">
     <span class='ocr_line' id='line_1_5' title="bbox 168 196 1859 260; baseline 0.001 -12"><span class='ocrx_word' id='word_1_11' title='bbox 168 211 395 249; x_wconf 88' lang='lat' dir='ltr'>necesse</span> <span class='ocrx_word' id='word_1_12' title='bbox 436 203 518 248; x_wconf 93' lang='lat' dir='ltr'>est</span> <span class='ocrx_word' id='word_1_13' title='bbox 557 197 689 260; x_wconf 91' lang='lat' dir='ltr'>quid</span> <span class='ocrx_word' id='word_1_14' title='bbox 729 202 823 247; x_wconf 91' lang='lat' dir='ltr'>aut</span> <span class='ocrx_word' id='word_1_15' title='bbox 861 196 932 246; x_wconf 90' lang='lat' dir='ltr'>ad</span> <span class='ocrx_word' id='word_1_16' title='bbox 971 202 1219 246; x_wconf 89' lang='lat' dir='ltr'>naturam</span> <span class='ocrx_word' id='word_1_17' title='bbox 1252 202 1345 247; x_wconf 90' lang='lat' dir='ltr'>aut</span> <span class='ocrx_word' id='word_1_18' title='bbox 1378 203 1564 249; x_wconf 89' lang='lat' dir='ltr'>contra</span> <span class='ocrx_word' id='word_1_19' title='bbox 1595 199 1663 249; x_wconf 93' lang='lat' dir='ltr'>sit</span> <span class='ocrx_word' id='word_1_20' title='bbox 1701 213 1734 250; x_wconf 91' lang='lat' dir='ltr'>a</span> <span class='ocrx_word' id='word_1_21' title='bbox 1765 213 1859 249; x_wconf 86' lang='lat' dir='ltr'>na-</span> 
     </span>
     <span class='ocr_line' id='line_1_6' title="bbox 167 270 1858 335; baseline 0.001 -13"><span class='ocrx_word' id='word_1_22' title='bbox 167 277 286 324; x_wconf 91' lang='lat' dir='ltr'>tura</span> <span class='ocrx_word' id='word_1_23' title='bbox 325 273 446 335; x_wconf 91' lang='lat' dir='ltr'>ipsa</span> <span class='ocrx_word' id='word_1_24' title='bbox 492 271 731 322; x_wconf 89' lang='lat' dir='ltr'>iudicari.</span> <span class='ocrx_word' id='word_1_25' title='bbox 787 285 854 322; x_wconf 92' lang='lat' dir='ltr'>ea</span> <span class='ocrx_word' id='word_1_26' title='bbox 897 270 1029 334; x_wconf 92' lang='lat' dir='ltr'>quid</span> <span class='ocrx_word' id='word_1_27' title='bbox 1070 271 1295 334; x_wconf 81' lang='lat' dir='ltr'>percipit</span> <span class='ocrx_word' id='word_1_28' title='bbox 1338 277 1431 322; x_wconf 91' lang='lat' dir='ltr'>aut</span> <span class='ocrx_word' id='word_1_29' title='bbox 1470 272 1601 335; x_wconf 94' lang='lat' dir='ltr'>quid</span> <span class='ocrx_word' id='word_1_30' title='bbox 1642 273 1858 333; x_wconf 86' lang='lat' dir='ltr'>iudicat,</span> 
     </span>
     <span class='ocr_line' id='line_1_7' title="bbox 169 345 1859 410; baseline 0.001 -13"><span class='ocrx_word' id='word_1_31' title='bbox 169 361 279 410; x_wconf 95' lang='lat' dir='ltr'>quo</span> <span class='ocrx_word' id='word_1_32' title='bbox 314 352 407 396; x_wconf 91' lang='lat' dir='ltr'>aut</span> <span class='ocrx_word' id='word_1_33' title='bbox 439 351 587 409; x_wconf 90' lang='lat' dir='ltr'>petat</span> <span class='ocrx_word' id='word_1_34' title='bbox 619 351 712 396; x_wconf 92' lang='lat' dir='ltr'>aut</span> <span class='ocrx_word' id='word_1_35' title='bbox 743 345 914 409; x_wconf 85' lang='lat' dir='ltr'>fugiat</span> <span class='ocrx_word' id='word_1_36' title='bbox 946 345 1168 408; x_wconf 91' lang='lat' dir='ltr'>aliquid,</span> <span class='ocrx_word' id='word_1_37' title='bbox 1202 351 1411 408; x_wconf 92' lang='lat' dir='ltr'>praeter</span> <span class='ocrx_word' id='word_1_38' title='bbox 1434 346 1772 409; x_wconf 86' lang='lat' dir='ltr'>voluptatem</span> <span class='ocrx_word' id='word_1_39' title='bbox 1807 354 1859 399; x_wconf 93' lang='lat' dir='ltr'>et</span> 
     </span>
     <span class='ocr_line' id='line_1_8' title="bbox 169 419 1858 484; baseline 0.001 -14"><span class='ocrx_word' id='word_1_40' title='bbox 169 421 453 472; x_wconf 79' lang='lat' dir='ltr'>dolorem?</span> <span class='ocrx_word' id='word_1_41' title='bbox 509 419 646 471; x_wconf 89' lang='lat' dir='ltr'>Sunt</span> <span class='ocrx_word' id='word_1_42' title='bbox 678 426 861 471; x_wconf 90' lang='lat' dir='ltr'>autem</span> <span class='ocrx_word' id='word_1_43' title='bbox 896 419 1120 483; x_wconf 92' lang='lat' dir='ltr'>quidam</span> <span class='ocrx_word' id='word_1_44' title='bbox 1155 434 1186 470; x_wconf 90' lang='lat' dir='ltr'>e</span> <span class='ocrx_word' id='word_1_45' title='bbox 1209 421 1421 480; x_wconf 82' lang='lat' dir='ltr'>nostriS,</span> <span class='ocrx_word' id='word_1_46' title='bbox 1455 422 1547 484; x_wconf 91' lang='lat' dir='ltr'>qui</span> <span class='ocrx_word' id='word_1_47' title='bbox 1573 421 1709 472; x_wconf 92' lang='lat' dir='ltr'>haec</span> <span class='ocrx_word' id='word_1_48' title='bbox 1733 423 1858 472; x_wconf 92' lang='lat' dir='ltr'>sub-</span> 
     </span>
     <span class='ocr_line' id='line_1_9' title="bbox 164 494 1923 559; baseline -0.001 -15"><span class='ocrx_word' id='word_1_49' title='bbox 164 495 309 545; x_wconf 91' lang='lat' dir='ltr'>tilius</span> <span class='ocrx_word' id='word_1_50' title='bbox 349 495 519 545; x_wconf 88' lang='lat' dir='ltr'>velint</span> <span class='ocrx_word' id='word_1_51' title='bbox 557 494 767 546; x_wconf 85' lang='lat' dir='ltr'>tradere</span> <span class='ocrx_word' id='word_1_52' title='bbox 808 501 860 545; x_wconf 90' lang='lat' dir='ltr'>et</span> <span class='ocrx_word' id='word_1_53' title='bbox 903 500 1107 558; x_wconf 84' lang='lat' dir='ltr'>negent</span> <span class='ocrx_word' id='word_1_54' title='bbox 1146 496 1276 545; x_wconf 90' lang='lat' dir='ltr'>satis</span> <span class='ocrx_word' id='word_1_55' title='bbox 1319 509 1440 546; x_wconf 92' lang='lat' dir='ltr'>esse</span> <span class='ocrx_word' id='word_1_56' title='bbox 1473 496 1606 559; x_wconf 93' lang='lat' dir='ltr'>quid</span> <span class='ocrx_word' id='word_1_57' title='bbox 1646 496 1854 547; x_wconf 91' lang='lat' dir='ltr'>bonum</span> <span class='ocrx_word' id='word_1_58' title='bbox 1900 509 1923 543; x_wconf 91' lang='lat'><strong>5</strong></span> 
     </span>
     <span class='ocr_line' id='line_1_10' title="bbox 165 569 1855 633; baseline 0.001 -13"><span class='ocrx_word' id='word_1_59' title='bbox 165 571 231 620; x_wconf 87' lang='lat' dir='ltr'>sit</span> <span class='ocrx_word' id='word_1_60' title='bbox 264 575 357 620; x_wconf 91' lang='lat' dir='ltr'>aut</span> <span class='ocrx_word' id='word_1_61' title='bbox 389 570 521 633; x_wconf 92' lang='lat' dir='ltr'>quid</span> <span class='ocrx_word' id='word_1_62' title='bbox 554 569 760 620; x_wconf 92' lang='lat' dir='ltr'>malum</span> <span class='ocrx_word' id='word_1_63' title='bbox 794 583 960 620; x_wconf 88' lang='lat' dir='ltr'>sensu</span> <span class='ocrx_word' id='word_1_64' title='bbox 992 569 1232 628; x_wconf 91' lang='lat' dir='ltr'>iudicari,</span> <span class='ocrx_word' id='word_1_65' title='bbox 1266 570 1364 620; x_wconf 91' lang='lat' dir='ltr'>sed</span> <span class='ocrx_word' id='word_1_66' title='bbox 1390 571 1575 622; x_wconf 91' lang='lat' dir='ltr'>animo</span> <span class='ocrx_word' id='word_1_67' title='bbox 1603 571 1765 621; x_wconf 91' lang='lat' dir='ltr'>etiam</span> <span class='ocrx_word' id='word_1_68' title='bbox 1793 586 1855 621; x_wconf 93' lang='lat' dir='ltr'>ac</span> 
     </span>
     <span class='ocr_line' id='line_1_11' title="bbox 164 643 1857 707; baseline 0.001 -13"><span class='ocrx_word' id='word_1_69' title='bbox 164 645 373 695; x_wconf 89' lang='lat' dir='ltr'>ratione</span> <span class='ocrx_word' id='word_1_70' title='bbox 405 643 647 707; x_wconf 86' lang='lat' dir='ltr'>intellegi</span> <span class='ocrx_word' id='word_1_71' title='bbox 681 658 848 707; x_wconf 89' lang='lat' dir='ltr'>posse</span> <span class='ocrx_word' id='word_1_72' title='bbox 881 649 933 694; x_wconf 91' lang='lat' dir='ltr'>et</span> <span class='ocrx_word' id='word_1_73' title='bbox 957 643 1296 706; x_wconf 90' lang='lat' dir='ltr'>voluptatem</span> <span class='ocrx_word' id='word_1_74' title='bbox 1326 645 1503 707; x_wconf 84' lang='lat' dir='ltr'>ipsam</span> <span class='ocrx_word' id='word_1_75' title='bbox 1530 659 1624 707; x_wconf 92' lang='lat' dir='ltr'>per</span> <span class='ocrx_word' id='word_1_76' title='bbox 1649 660 1708 696; x_wconf 88' lang='lat' dir='ltr'>se</span> <span class='ocrx_word' id='word_1_77' title='bbox 1736 660 1857 696; x_wconf 88' lang='lat' dir='ltr'>esse</span> 
     </span>
     <span class='ocr_line' id='line_1_12' title="bbox 165 719 1856 783; baseline 0.001 -14"><span class='ocrx_word' id='word_1_78' title='bbox 165 719 531 782; x_wconf 83' lang='lat' dir='ltr'>expetendam</span> <span class='ocrx_word' id='word_1_79' title='bbox 562 723 615 769; x_wconf 87' lang='lat' dir='ltr'>et</span> <span class='ocrx_word' id='word_1_80' title='bbox 648 719 895 770; x_wconf 91' lang='lat' dir='ltr'>dolorem</span> <span class='ocrx_word' id='word_1_81' title='bbox 929 720 1110 781; x_wconf 90' lang='lat' dir='ltr'>ipsum</span> <span class='ocrx_word' id='word_1_82' title='bbox 1144 733 1239 781; x_wconf 88' lang='lat' dir='ltr'>per</span> <span class='ocrx_word' id='word_1_83' title='bbox 1271 733 1331 769; x_wconf 91' lang='lat' dir='ltr'>se</span> <span class='ocrx_word' id='word_1_84' title='bbox 1365 733 1488 770; x_wconf 92' lang='lat' dir='ltr'>esse</span> <span class='ocrx_word' id='word_1_85' title='bbox 1520 719 1856 783; x_wconf 84' lang='lat' dir='ltr'>fugiendum.</span> 
     </span>
     <span class='ocr_line' id='line_1_13' title="bbox 163 793 1857 857; baseline 0 -13"><span class='ocrx_word' id='word_1_86' title='bbox 163 795 348 857; x_wconf 91' lang='lat' dir='ltr'>itaque</span> <span class='ocrx_word' id='word_1_87' title='bbox 373 795 523 844; x_wconf 91' lang='lat' dir='ltr'>aiunt</span> <span class='ocrx_word' id='word_1_88' title='bbox 552 793 694 843; x_wconf 92' lang='lat' dir='ltr'>hanc</span> <span class='ocrx_word' id='word_1_89' title='bbox 719 794 876 856; x_wconf 84' lang='lat' dir='ltr'>quasi</span> <span class='ocrx_word' id='word_1_90' title='bbox 901 793 1202 843; x_wconf 89' lang='lat' dir='ltr'>naturalem</span> <span class='ocrx_word' id='word_1_91' title='bbox 1230 798 1394 856; x_wconf 91' lang='lat' dir='ltr'>atque</span> <span class='ocrx_word' id='word_1_92' title='bbox 1420 795 1638 844; x_wconf 88' lang='lat' dir='ltr'>insitam</span> <span class='ocrx_word' id='word_1_93' title='bbox 1664 795 1718 844; x_wconf 94' lang='lat' dir='ltr'>in</span> <span class='ocrx_word' id='word_1_94' title='bbox 1745 796 1857 845; x_wconf 87' lang='lat' dir='ltr'>ani-</span> 
     </span>
     <span class='ocr_line' id='line_1_14' title="bbox 164 867 1926 932; baseline 0 -14"><span class='ocrx_word' id='word_1_95' title='bbox 164 869 266 918; x_wconf 90' lang='lat' dir='ltr'>mis</span> <span class='ocrx_word' id='word_1_96' title='bbox 299 869 496 919; x_wconf 91' lang='lat' dir='ltr'>nostris</span> <span class='ocrx_word' id='word_1_97' title='bbox 530 869 711 919; x_wconf 90' lang='lat' dir='ltr'>inesse</span> <span class='ocrx_word' id='word_1_98' title='bbox 743 869 1051 927; x_wconf 91' lang='lat' dir='ltr'>notionem,</span> <span class='ocrx_word' id='word_1_99' title='bbox 1092 873 1149 918; x_wconf 94' lang='lat' dir='ltr'>ut</span> <span class='ocrx_word' id='word_1_100' title='bbox 1181 867 1408 918; x_wconf 89' lang='lat' dir='ltr'>alterum</span> <span class='ocrx_word' id='word_1_101' title='bbox 1444 883 1566 919; x_wconf 92' lang='lat' dir='ltr'>esse</span> <span class='ocrx_word' id='word_1_102' title='bbox 1598 875 1857 932; x_wconf 82' lang='lat' dir='ltr'>appeten-</span> <span class='ocrx_word' id='word_1_103' title='bbox 1883 883 1926 918; x_wconf 83' lang='grc' dir='ltr'>ιο</span> 
     </span>
     <span class='ocr_line' id='line_1_15' title="bbox 163 942 1858 1007; baseline 0.001 -15"><span class='ocrx_word' id='word_1_104' title='bbox 163 943 310 1002; x_wconf 89' lang='lat' dir='ltr'>dum,</span> <span class='ocrx_word' id='word_1_105' title='bbox 339 943 566 993; x_wconf 91' lang='lat' dir='ltr'>alterum</span> <span class='ocrx_word' id='word_1_106' title='bbox 593 942 997 1005; x_wconf 87' lang='lat' dir='ltr'>aspernandum</span> <span class='ocrx_word' id='word_1_107' title='bbox 1024 943 1339 993; x_wconf 82' lang='lat' dir='ltr'>sentiamus,</span> <span class='ocrx_word' id='word_1_108' title='bbox 1385 943 1493 993; x_wconf 89' lang='lat' dir='ltr'>Alii</span> <span class='ocrx_word' id='word_1_109' title='bbox 1518 949 1716 1003; x_wconf 85' lang='lat' dir='ltr'>autern,</span> <span class='ocrx_word' id='word_1_110' title='bbox 1742 945 1858 1007; x_wconf 91' lang='lat' dir='ltr'>qui-</span> 
     </span>
     <span class='ocr_line' id='line_1_16' title="bbox 163 1017 1858 1081; baseline 0.001 -14"><span class='ocrx_word' id='word_1_111' title='bbox 163 1017 266 1067; x_wconf 91' lang='lat' dir='ltr'>bus</span> <span class='ocrx_word' id='word_1_112' title='bbox 299 1031 404 1081; x_wconf 88' lang='lat' dir='ltr'>ego</span> <span class='ocrx_word' id='word_1_113' title='bbox 435 1018 715 1077; x_wconf 89' lang='lat' dir='ltr'>assentior,</span> <span class='ocrx_word' id='word_1_114' title='bbox 749 1032 871 1068; x_wconf 93' lang='lat' dir='ltr'>cum</span> <span class='ocrx_word' id='word_1_115' title='bbox 906 1031 939 1068; x_wconf 90' lang='lat' dir='ltr'>a</span> <span class='ocrx_word' id='word_1_116' title='bbox 971 1017 1317 1080; x_wconf 90' lang='lat' dir='ltr'>philosophis</span> <span class='ocrx_word' id='word_1_117' title='bbox 1344 1017 1715 1080; x_wconf 90' lang='lat' dir='ltr'>compluribus</span> <span class='ocrx_word' id='word_1_118' title='bbox 1740 1033 1858 1081; x_wconf 87' lang='lat' dir='ltr'>per-</span> 
     </span>
     <span class='ocr_line' id='line_1_17' title="bbox 162 1091 1857 1154; baseline 0.001 -13"><span class='ocrx_word' id='word_1_119' title='bbox 162 1091 332 1142; x_wconf 91' lang='lat' dir='ltr'>multa</span> <span class='ocrx_word' id='word_1_120' title='bbox 353 1091 612 1151; x_wconf 90' lang='lat' dir='ltr'>dicantur,</span> <span class='ocrx_word' id='word_1_121' title='bbox 639 1106 730 1142; x_wconf 93' lang='lat' dir='ltr'>cur</span> <span class='ocrx_word' id='word_1_122' title='bbox 754 1106 856 1142; x_wconf 94' lang='lat' dir='ltr'>nec</span> <span class='ocrx_word' id='word_1_123' title='bbox 876 1092 1132 1154; x_wconf 92' lang='lat' dir='ltr'>voluptas</span> <span class='ocrx_word' id='word_1_124' title='bbox 1158 1092 1212 1141; x_wconf 92' lang='lat' dir='ltr'>in</span> <span class='ocrx_word' id='word_1_125' title='bbox 1239 1092 1400 1143; x_wconf 92' lang='lat' dir='ltr'>bonis</span> <span class='ocrx_word' id='word_1_126' title='bbox 1425 1093 1493 1142; x_wconf 90' lang='lat' dir='ltr'>sit</span> <span class='ocrx_word' id='word_1_127' title='bbox 1517 1093 1857 1143; x_wconf 91' lang='lat' dir='ltr'>numeranda</span> 
     </span>
     <span class='ocr_line' id='line_1_18' title="bbox 162 1166 1855 1229; baseline 0.001 -13"><span class='ocrx_word' id='word_1_128' title='bbox 162 1180 263 1217; x_wconf 91' lang='lat' dir='ltr'>nec</span> <span class='ocrx_word' id='word_1_129' title='bbox 287 1167 342 1216; x_wconf 93' lang='lat' dir='ltr'>in</span> <span class='ocrx_word' id='word_1_130' title='bbox 368 1166 527 1217; x_wconf 92' lang='lat' dir='ltr'>malis</span> <span class='ocrx_word' id='word_1_131' title='bbox 552 1166 723 1226; x_wconf 90' lang='lat' dir='ltr'>dolor,</span> <span class='ocrx_word' id='word_1_132' title='bbox 748 1181 859 1218; x_wconf 92' lang='lat' dir='ltr'>non</span> <span class='ocrx_word' id='word_1_133' title='bbox 887 1167 1196 1217; x_wconf 90' lang='lat' dir='ltr'>existimant</span> <span class='ocrx_word' id='word_1_134' title='bbox 1221 1172 1471 1229; x_wconf 89' lang='lat' dir='ltr'>oportere</span> <span class='ocrx_word' id='word_1_135' title='bbox 1496 1168 1724 1217; x_wconf 91' lang='lat' dir='ltr'>nimium</span> <span class='ocrx_word' id='word_1_136' title='bbox 1751 1182 1855 1218; x_wconf 93' lang='lat' dir='ltr'>nos</span> 
     </span>
     <span class='ocr_line' id='line_1_19' title="bbox 162 1241 1925 1305; baseline 0 -14"><span class='ocrx_word' id='word_1_137' title='bbox 162 1255 362 1292; x_wconf 89' lang='lat' dir='ltr'>causae</span> <span class='ocrx_word' id='word_1_138' title='bbox 403 1241 701 1301; x_wconf 81' lang='lat' dir='ltr'>confidere,</span> <span class='ocrx_word' id='word_1_139' title='bbox 745 1241 844 1292; x_wconf 91' lang='lat' dir='ltr'>sed</span> <span class='ocrx_word' id='word_1_140' title='bbox 886 1246 938 1292; x_wconf 92' lang='lat' dir='ltr'>et</span> <span class='ocrx_word' id='word_1_141' title='bbox 981 1241 1475 1305; x_wconf 88' lang='lat' dir='ltr'>argumentandum</span> <span class='ocrx_word' id='word_1_142' title='bbox 1517 1247 1569 1292; x_wconf 91' lang='lat' dir='ltr'>et</span> <span class='ocrx_word' id='word_1_143' title='bbox 1608 1248 1855 1293; x_wconf 89' lang='lat' dir='ltr'>accurate</span> <span class='ocrx_word' id='word_1_144' title='bbox 1882 1256 1925 1291; x_wconf 89' lang='lat'>15</span> 
     </span>
     <span class='ocr_line' id='line_1_20' title="bbox 162 1315 1856 1379; baseline 0.001 -14"><span class='ocrx_word' id='word_1_145' title='bbox 162 1315 541 1367; x_wconf 89' lang='lat' dir='ltr'>disserendum</span> <span class='ocrx_word' id='word_1_146' title='bbox 583 1322 635 1366; x_wconf 95' lang='lat' dir='ltr'>et</span> <span class='ocrx_word' id='word_1_147' title='bbox 674 1316 974 1367; x_wconf 91' lang='lat' dir='ltr'>rationibus</span> <span class='ocrx_word' id='word_1_148' title='bbox 1016 1317 1336 1379; x_wconf 89' lang='lat' dir='ltr'>conquisitis</span> <span class='ocrx_word' id='word_1_149' title='bbox 1377 1315 1446 1367; x_wconf 90' lang='lat' dir='ltr'>de</span> <span class='ocrx_word' id='word_1_150' title='bbox 1482 1316 1763 1379; x_wconf 91' lang='lat' dir='ltr'>voluptate</span> <span class='ocrx_word' id='word_1_151' title='bbox 1805 1323 1856 1367; x_wconf 90' lang='lat' dir='ltr'>et</span> 
     </span>
     <span class='ocr_line' id='line_1_21' title="bbox 162 1390 1017 1454; baseline 0.001 -14"><span class='ocrx_word' id='word_1_152' title='bbox 162 1390 352 1442; x_wconf 90' lang='lat' dir='ltr'>dolore</span> <span class='ocrx_word' id='word_1_153' title='bbox 386 1390 778 1454; x_wconf 88' lang='lat' dir='ltr'>disputandum</span> <span class='ocrx_word' id='word_1_154' title='bbox 812 1396 1017 1454; x_wconf 89' lang='lat' dir='ltr'>putant.</span> 
     </span>
    </p>

    <p class='ocr_par' dir='ltr' id='par_1_5' title="bbox 159 1464 1923 2348">
     <span class='ocr_line' id='line_1_22' title="bbox 236 1464 1855 1528; baseline 0.001 -13"><span class='ocrx_word' id='word_1_155' title='bbox 236 1464 346 1516; x_wconf 92' lang='lat' dir='ltr'>Sed</span> <span class='ocrx_word' id='word_1_156' title='bbox 379 1471 437 1516; x_wconf 91' lang='lat' dir='ltr'>ut</span> <span class='ocrx_word' id='word_1_157' title='bbox 469 1466 820 1528; x_wconf 84' lang='lat' dir='ltr'>perspiciatiS,</span> <span class='ocrx_word' id='word_1_158' title='bbox 860 1465 1008 1516; x_wconf 92' lang='lat' dir='ltr'>unde</span> <span class='ocrx_word' id='word_1_159' title='bbox 1049 1466 1228 1515; x_wconf 92' lang='lat' dir='ltr'>omnis</span> <span class='ocrx_word' id='word_1_160' title='bbox 1269 1466 1369 1515; x_wconf 91' lang='lat' dir='ltr'>iste</span> <span class='ocrx_word' id='word_1_161' title='bbox 1410 1471 1571 1516; x_wconf 89' lang='lat' dir='ltr'>natus</span> <span class='ocrx_word' id='word_1_162' title='bbox 1612 1479 1754 1517; x_wconf 88' lang='lat' dir='ltr'>error</span> <span class='ocrx_word' id='word_1_163' title='bbox 1788 1467 1855 1516; x_wconf 92' lang='lat' dir='ltr'>sit</span> 
     </span>
     <span class='ocr_line' id='line_1_23' title="bbox 160 1540 1854 1603; baseline 0.001 -14"><span class='ocrx_word' id='word_1_164' title='bbox 160 1540 499 1603; x_wconf 88' lang='lat' dir='ltr'>voluptatem</span> <span class='ocrx_word' id='word_1_165' title='bbox 526 1541 899 1591; x_wconf 90' lang='lat' dir='ltr'>accusantium</span> <span class='ocrx_word' id='word_1_166' title='bbox 926 1540 1285 1603; x_wconf 89' lang='lat' dir='ltr'>doloremque</span> <span class='ocrx_word' id='word_1_167' title='bbox 1303 1540 1659 1599; x_wconf 92' lang='lat' dir='ltr'>laudantium,</span> <span class='ocrx_word' id='word_1_168' title='bbox 1685 1546 1854 1591; x_wconf 87' lang='lat' dir='ltr'>totam</span> 
     </span>
     <span class='ocr_line' id='line_1_24' title="bbox 161 1615 1923 1678; baseline 0.001 -15"><span class='ocrx_word' id='word_1_169' title='bbox 161 1628 272 1664; x_wconf 91' lang='lat' dir='ltr'>rem</span> <span class='ocrx_word' id='word_1_170' title='bbox 306 1616 547 1677; x_wconf 91' lang='lat' dir='ltr'>aperiam</span> <span class='ocrx_word' id='word_1_171' title='bbox 581 1629 758 1678; x_wconf 91' lang='lat' dir='ltr'>eaque</span> <span class='ocrx_word' id='word_1_172' title='bbox 798 1616 933 1678; x_wconf 87' lang='lat' dir='ltr'>ipsa,</span> <span class='ocrx_word' id='word_1_173' title='bbox 973 1628 1116 1677; x_wconf 90' lang='lat' dir='ltr'>quae</span> <span class='ocrx_word' id='word_1_174' title='bbox 1157 1615 1226 1664; x_wconf 89' lang='lat' dir='ltr'>ab</span> <span class='ocrx_word' id='word_1_175' title='bbox 1269 1615 1361 1666; x_wconf 94' lang='lat' dir='ltr'>illo</span> <span class='ocrx_word' id='word_1_176' title='bbox 1403 1616 1686 1666; x_wconf 89' lang='lat' dir='ltr'>inventore</span> <span class='ocrx_word' id='word_1_177' title='bbox 1718 1617 1853 1666; x_wconf 89' lang='lat' dir='ltr'>veri·</span> <span class='ocrx_word' id='word_1_178' title='bbox 1877 1629 1923 1664; x_wconf 87' lang='lat'>20</span> 
     </span>
     <span class='ocr_line' id='line_1_25' title="bbox 159 1689 1855 1753; baseline 0 -14"><span class='ocrx_word' id='word_1_179' title='bbox 159 1690 282 1740; x_wconf 92' lang='lat' dir='ltr'>tatis</span> <span class='ocrx_word' id='word_1_180' title='bbox 316 1695 367 1740; x_wconf 92' lang='lat' dir='ltr'>et</span> <span class='ocrx_word' id='word_1_181' title='bbox 400 1691 557 1753; x_wconf 92' lang='lat' dir='ltr'>quasi</span> <span class='ocrx_word' id='word_1_182' title='bbox 589 1690 882 1740; x_wconf 89' lang='lat' dir='ltr'>architecto</span> <span class='ocrx_word' id='word_1_183' title='bbox 917 1689 1111 1739; x_wconf 89' lang='lat' dir='ltr'>beatae</span> <span class='ocrx_word' id='word_1_184' title='bbox 1143 1690 1289 1740; x_wconf 90' lang='lat' dir='ltr'>vitae</span> <span class='ocrx_word' id='word_1_185' title='bbox 1323 1689 1465 1740; x_wconf 91' lang='lat' dir='ltr'>dicta</span> <span class='ocrx_word' id='word_1_186' title='bbox 1506 1696 1644 1749; x_wconf 90' lang='lat' dir='ltr'>sunt,</span> <span class='ocrx_word' id='word_1_187' title='bbox 1687 1689 1855 1752; x_wconf 88' lang='lat' dir='ltr'>expli-</span> 
     </span>
     <span class='ocr_line' id='line_1_26' title="bbox 161 1763 1854 1827; baseline 0.001 -14"><span class='ocrx_word' id='word_1_188' title='bbox 161 1764 314 1815; x_wconf 79' lang='lat' dir='ltr'>cabo,</span> <span class='ocrx_word' id='word_1_189' title='bbox 362 1778 527 1815; x_wconf 93' lang='lat' dir='ltr'>nemo</span> <span class='ocrx_word' id='word_1_190' title='bbox 562 1765 707 1814; x_wconf 92' lang='lat' dir='ltr'>enim</span> <span class='ocrx_word' id='word_1_191' title='bbox 741 1765 917 1827; x_wconf 92' lang='lat' dir='ltr'>ipsam</span> <span class='ocrx_word' id='word_1_192' title='bbox 943 1763 1297 1826; x_wconf 87' lang='lat' dir='ltr'>voluptatem,</span> <span class='ocrx_word' id='word_1_193' title='bbox 1331 1765 1459 1827; x_wconf 92' lang='lat' dir='ltr'>quia</span> <span class='ocrx_word' id='word_1_194' title='bbox 1484 1764 1739 1827; x_wconf 91' lang='lat' dir='ltr'>voluptas</span> <span class='ocrx_word' id='word_1_195' title='bbox 1772 1766 1854 1823; x_wconf 89' lang='lat' dir='ltr'>sit,</span> 
     </span>
     <span class='ocr_line' id='line_1_27' title="bbox 160 1838 1854 1902; baseline 0.001 -15"><span class='ocrx_word' id='word_1_196' title='bbox 160 1844 477 1900; x_wconf 90' lang='lat' dir='ltr'>aspernatur</span> <span class='ocrx_word' id='word_1_197' title='bbox 521 1844 614 1889; x_wconf 91' lang='lat' dir='ltr'>aut</span> <span class='ocrx_word' id='word_1_198' title='bbox 653 1838 768 1889; x_wconf 88' lang='lat' dir='ltr'>odit</span> <span class='ocrx_word' id='word_1_199' title='bbox 808 1844 901 1889; x_wconf 94' lang='lat' dir='ltr'>aut</span> <span class='ocrx_word' id='word_1_200' title='bbox 940 1838 1089 1902; x_wconf 85' lang='lat' dir='ltr'>fugit,</span> <span class='ocrx_word' id='word_1_201' title='bbox 1134 1838 1232 1888; x_wconf 91' lang='lat' dir='ltr'>sed</span> <span class='ocrx_word' id='word_1_202' title='bbox 1273 1839 1403 1901; x_wconf 90' lang='lat' dir='ltr'>quia</span> <span class='ocrx_word' id='word_1_203' title='bbox 1447 1844 1854 1901; x_wconf 91' lang='lat' dir='ltr'>consequuntur</span> 
     </span>
     <span class='ocr_line' id='line_1_28' title="bbox 160 1913 1853 1977; baseline 0.001 -15"><span class='ocrx_word' id='word_1_204' title='bbox 160 1914 345 1977; x_wconf 86' lang='lat' dir='ltr'>magni</span> <span class='ocrx_word' id='word_1_205' title='bbox 379 1913 596 1964; x_wconf 88' lang='lat' dir='ltr'>dolores</span> <span class='ocrx_word' id='word_1_206' title='bbox 638 1927 749 1972; x_wconf 67' lang='grc' dir='ltr'><strong>θος,</strong></span> <span class='ocrx_word' id='word_1_207' title='bbox 794 1914 886 1976; x_wconf 92' lang='lat' dir='ltr'>qui</span> <span class='ocrx_word' id='word_1_208' title='bbox 935 1914 1143 1964; x_wconf 92' lang='lat' dir='ltr'>ratione</span> <span class='ocrx_word' id='word_1_209' title='bbox 1182 1913 1521 1976; x_wconf 89' lang='lat' dir='ltr'>voluptatem</span> <span class='ocrx_word' id='word_1_210' title='bbox 1563 1915 1719 1976; x_wconf 91' lang='lat' dir='ltr'>sequi</span> <span class='ocrx_word' id='word_1_211' title='bbox 1760 1928 1853 1963; x_wconf 84' lang='lat' dir='ltr'>ne-</span> 
     </span>
     <span class='ocr_line' id='line_1_29' title="bbox 159 1987 1919 2051; baseline 0.001 -15"><span class='ocrx_word' id='word_1_212' title='bbox 159 1988 349 2047; x_wconf 91' lang='lat' dir='ltr'>sciunt,</span> <span class='ocrx_word' id='word_1_213' title='bbox 381 2002 563 2051; x_wconf 86' lang='lat' dir='ltr'>neque</span> <span class='ocrx_word' id='word_1_214' title='bbox 596 2002 755 2050; x_wconf 90' lang='lat' dir='ltr'>porro</span> <span class='ocrx_word' id='word_1_215' title='bbox 790 1989 1082 2051; x_wconf 91' lang='lat' dir='ltr'>quisquam</span> <span class='ocrx_word' id='word_1_216' title='bbox 1117 1993 1211 2046; x_wconf 89' lang='lat' dir='ltr'>est,</span> <span class='ocrx_word' id='word_1_217' title='bbox 1245 1989 1337 2050; x_wconf 92' lang='lat' dir='ltr'>qui</span> <span class='ocrx_word' id='word_1_218' title='bbox 1372 1987 1618 2038; x_wconf 89' lang='lat' dir='ltr'>dolorem</span> <span class='ocrx_word' id='word_1_219' title='bbox 1654 1989 1849 2050; x_wconf 87' lang='lat' dir='ltr'>ipsum,</span> <span class='ocrx_word' id='word_1_220' title='bbox 1874 2000 1919 2035; x_wconf 82' lang='lat'>25</span> 
     </span>
     <span class='ocr_line' id='line_1_30' title="bbox 160 2062 1853 2125; baseline 0 -13"><span class='ocrx_word' id='word_1_221' title='bbox 160 2062 288 2125; x_wconf 90' lang='lat' dir='ltr'>quia</span> <span class='ocrx_word' id='word_1_222' title='bbox 312 2062 469 2114; x_wconf 95' lang='lat' dir='ltr'>dolor</span> <span class='ocrx_word' id='word_1_223' title='bbox 494 2063 574 2121; x_wconf 90' lang='lat' dir='ltr'>sit,</span> <span class='ocrx_word' id='word_1_224' title='bbox 604 2068 763 2122; x_wconf 88' lang='lat' dir='ltr'>amet,</span> <span class='ocrx_word' id='word_1_225' title='bbox 797 2068 1149 2121; x_wconf 86' lang='lat' dir='ltr'>consectetur,</span> <span class='ocrx_word' id='word_1_226' title='bbox 1174 2062 1403 2125; x_wconf 89' lang='lat' dir='ltr'>adipisci</span> <span class='ocrx_word' id='word_1_227' title='bbox 1428 2062 1573 2122; x_wconf 91' lang='lat' dir='ltr'>velit,</span> <span class='ocrx_word' id='word_1_228' title='bbox 1598 2062 1695 2112; x_wconf 91' lang='lat' dir='ltr'>sed</span> <span class='ocrx_word' id='word_1_229' title='bbox 1723 2063 1853 2125; x_wconf 89' lang='lat' dir='ltr'>quia</span> 
     </span>
     <span class='ocr_line' id='line_1_31' title="bbox 159 2137 1853 2200; baseline 0.001 -15"><span class='ocrx_word' id='word_1_230' title='bbox 159 2150 270 2187; x_wconf 92' lang='lat' dir='ltr'>non</span> <span class='ocrx_word' id='word_1_231' title='bbox 302 2151 605 2200; x_wconf 89' lang='lat' dir='ltr'>numquam</span> <span class='ocrx_word' id='word_1_232' title='bbox 646 2138 763 2188; x_wconf 90' lang='lat' dir='ltr'>eius</span> <span class='ocrx_word' id='word_1_233' title='bbox 796 2137 947 2188; x_wconf 91' lang='lat' dir='ltr'>modi</span> <span class='ocrx_word' id='word_1_234' title='bbox 988 2142 1236 2199; x_wconf 88' lang='lat' dir='ltr'>tempora</span> <span class='ocrx_word' id='word_1_235' title='bbox 1267 2137 1527 2196; x_wconf 91' lang='lat' dir='ltr'>incidunt,</span> <span class='ocrx_word' id='word_1_236' title='bbox 1570 2142 1626 2187; x_wconf 92' lang='lat' dir='ltr'>ut</span> <span class='ocrx_word' id='word_1_237' title='bbox 1665 2137 1853 2188; x_wconf 91' lang='lat' dir='ltr'>labore</span> 
     </span>
     <span class='ocr_line' id='line_1_32' title="bbox 162 2210 1851 2275; baseline 0 -15"><span class='ocrx_word' id='word_1_238' title='bbox 162 2216 215 2261; x_wconf 91' lang='lat' dir='ltr'>et</span> <span class='ocrx_word' id='word_1_239' title='bbox 232 2210 422 2262; x_wconf 90' lang='lat' dir='ltr'>dolore</span> <span class='ocrx_word' id='word_1_240' title='bbox 439 2225 698 2275; x_wconf 87' lang='lat' dir='ltr'>magnam</span> <span class='ocrx_word' id='word_1_241' title='bbox 718 2211 959 2274; x_wconf 90' lang='lat' dir='ltr'>aliquam</span> <span class='ocrx_word' id='word_1_242' title='bbox 979 2216 1204 2274; x_wconf 90' lang='lat' dir='ltr'>quaerat</span> <span class='ocrx_word' id='word_1_243' title='bbox 1221 2211 1575 2274; x_wconf 88' lang='lat' dir='ltr'>voluptatem.</span> <span class='ocrx_word' id='word_1_244' title='bbox 1624 2217 1682 2261; x_wconf 88' lang='lat' dir='ltr'>ut</span> <span class='ocrx_word' id='word_1_245' title='bbox 1706 2212 1851 2261; x_wconf 92' lang='lat' dir='ltr'>enim</span> 
     </span>
     <span class='ocr_line' id='line_1_33' title="bbox 160 2285 1851 2348; baseline 0 -14"><span class='ocrx_word' id='word_1_246' title='bbox 160 2285 230 2334; x_wconf 92' lang='lat' dir='ltr'>ad</span> <span class='ocrx_word' id='word_1_247' title='bbox 263 2286 491 2336; x_wconf 91' lang='lat' dir='ltr'>minima</span> <span class='ocrx_word' id='word_1_248' title='bbox 520 2287 756 2345; x_wconf 91' lang='lat' dir='ltr'>veniam,</span> <span class='ocrx_word' id='word_1_249' title='bbox 790 2287 912 2348; x_wconf 93' lang='lat' dir='ltr'>quis</span> <span class='ocrx_word' id='word_1_250' title='bbox 944 2291 1188 2336; x_wconf 91' lang='lat' dir='ltr'>nostrum</span> <span class='ocrx_word' id='word_1_251' title='bbox 1217 2287 1658 2336; x_wconf 84' lang='lat' dir='ltr'>exercitationem</span> <span class='ocrx_word' id='word_1_252' title='bbox 1684 2285 1851 2335; x_wconf 90' lang='lat' dir='ltr'>ullam</span> 
     </span>
    </p>
   </div>
   <div class='ocr_carea' id='block_1_5' title="bbox 155 2415 1850 2943">
    <p class='ocr_par' dir='ltr' id='par_1_6' title="bbox 155 2415 1850 2943">
     <span class='ocr_line' id='line_1_34' title="bbox 236 2415 1849 2469; baseline 0 -11"><span class='ocrx_word' id='word_1_253' title='bbox 236 2416 255 2457; x_wconf 92' lang='lat'><strong>1</strong></span> <span class='ocrx_word' id='word_1_254' title='bbox 293 2421 371 2459; x_wconf 87' lang='lat' dir='ltr'>aut</span> <span class='ocrx_word' id='word_1_255' title='bbox 402 2419 461 2459; x_wconf 89' lang='lat' dir='ltr'>ad</span> <span class='ocrx_word' id='word_1_256' title='bbox 493 2421 698 2459; x_wconf 88' lang='lat' dir='ltr'>naturam</span> <span class='ocrx_word' id='word_1_257' title='bbox 724 2419 812 2461; x_wconf 87' lang='lat' dir='ltr'>AR</span> <span class='ocrx_word' id='word_1_258' title='bbox 845 2420 903 2460; x_wconf 88' lang='lat' dir='ltr'>ad</span> <span class='ocrx_word' id='word_1_259' title='bbox 936 2422 1140 2459; x_wconf 87' lang='lat' dir='ltr'>naturam</span> <span class='ocrx_word' id='word_1_260' title='bbox 1175 2415 1283 2468; x_wconf 88' lang='lat' dir='ltr'>(om.</span> <span class='ocrx_word' id='word_1_261' title='bbox 1309 2416 1405 2469; x_wconf 90' lang='lat' dir='ltr'>aut)</span> <span class='ocrx_word' id='word_1_262' title='bbox 1431 2418 1512 2459; x_wconf 92' lang='lat' dir='ltr'>BE</span> <span class='ocrx_word' id='word_1_263' title='bbox 1545 2422 1622 2458; x_wconf 89' lang='lat' dir='ltr'>aut</span> <span class='ocrx_word' id='word_1_264' title='bbox 1645 2420 1849 2458; x_wconf 88' lang='lat' dir='ltr'>naturam</span> 
     </span>
     <span class='ocr_line' id='line_1_35' title="bbox 160 2466 1850 2529; baseline -0.001 -10"><span class='ocrx_word' id='word_1_265' title='bbox 160 2466 269 2519; x_wconf 83' lang='lat' dir='ltr'>(om.</span> <span class='ocrx_word' id='word_1_266' title='bbox 304 2474 382 2528; x_wconf 87' lang='lat' dir='ltr'>ad)</span> <span class='ocrx_word' id='word_1_267' title='bbox 415 2471 480 2519; x_wconf 90' lang='lat' dir='ltr'>N¹</span> <span class='ocrx_word' id='word_1_268' title='bbox 519 2481 597 2518; x_wconf 88' lang='lat' dir='ltr'>aut</span> <span class='ocrx_word' id='word_1_269' title='bbox 636 2479 890 2519; x_wconf 90' lang='lat' dir='ltr'>secundum</span> <span class='ocrx_word' id='word_1_270' title='bbox 931 2482 1137 2518; x_wconf 90' lang='lat' dir='ltr'>naturam</span> <span class='ocrx_word' id='word_1_271' title='bbox 1170 2472 1234 2518; x_wconf 74' lang='grc' dir='ltr'>Ν2</span> <span class='ocrx_word' id='word_1_272' title='bbox 1274 2482 1351 2518; x_wconf 89' lang='lat' dir='ltr'>aut</span> <span class='ocrx_word' id='word_1_273' title='bbox 1390 2489 1545 2519; x_wconf 87' lang='lat' dir='ltr'>verum</span> <span class='ocrx_word' id='word_1_274' title='bbox 1589 2475 1850 2529; x_wconf 84' lang='lat' dir='ltr'>(compend.</span> 
     </span>
     <span class='ocr_line' id='line_1_36' title="bbox 157 2533 1850 2589; baseline 0.001 -14"><span class='ocrx_word' id='word_1_275' title='bbox 157 2533 269 2587; x_wconf 84' lang='lat' dir='ltr'>scr.)</span> <span class='ocrx_word' id='word_1_276' title='bbox 301 2536 344 2578; x_wconf 90' lang='lat' dir='ltr'>V</span> <span class='ocrx_word' id='word_1_277' title='bbox 442 2537 469 2578; x_wconf 87' lang='lat'><strong>2</strong></span> <span class='ocrx_word' id='word_1_278' title='bbox 491 2540 606 2589; x_wconf 80' lang='lat' dir='ltr'>post</span> <span class='ocrx_word' id='word_1_279' title='bbox 630 2538 819 2578; x_wconf 89' lang='lat' dir='ltr'>iudicari</span> <span class='ocrx_word' id='word_1_280' title='bbox 845 2539 956 2579; x_wconf 83' lang='lat' dir='ltr'>add.</span> <span class='ocrx_word' id='word_1_281' title='bbox 983 2540 1030 2579; x_wconf 88' lang='lat' dir='ltr'>in</span> <span class='ocrx_word' id='word_1_282' title='bbox 1056 2537 1098 2578; x_wconf 88' lang='lat' dir='ltr'>V</span> <span class='ocrx_word' id='word_1_283' title='bbox 1122 2538 1404 2588; x_wconf 89' lang='lat' dir='ltr'>voluptatem</span> <span class='ocrx_word' id='word_1_284' title='bbox 1431 2538 1567 2578; x_wconf 89' lang='lat' dir='ltr'>etiam</span> <span class='ocrx_word' id='word_1_285' title='bbox 1594 2548 1674 2587; x_wconf 90' lang='lat' dir='ltr'>per</span> <span class='ocrx_word' id='word_1_286' title='bbox 1697 2548 1748 2578; x_wconf 92' lang='lat' dir='ltr'>se</span> <span class='ocrx_word' id='word_1_287' title='bbox 1772 2547 1850 2577; x_wconf 88' lang='lat' dir='ltr'>ex-</span> 
     </span>
     <span class='ocr_line' id='line_1_37' title="bbox 159 2596 1849 2648; baseline -0.002 -10"><span class='ocrx_word' id='word_1_288' title='bbox 159 2596 408 2645; x_wconf 85' lang='lat' dir='ltr'>petendam</span> <span class='ocrx_word' id='word_1_289' title='bbox 441 2607 547 2638; x_wconf 88' lang='lat' dir='ltr'>esse</span> <span class='ocrx_word' id='word_1_290' title='bbox 579 2600 625 2638; x_wconf 90' lang='lat' dir='ltr'>et</span> <span class='ocrx_word' id='word_1_291' title='bbox 656 2597 861 2639; x_wconf 90' lang='lat' dir='ltr'>dolorem</span> <span class='ocrx_word' id='word_1_292' title='bbox 895 2599 1046 2647; x_wconf 90' lang='lat' dir='ltr'>ipsum</span> <span class='ocrx_word' id='word_1_293' title='bbox 1080 2608 1162 2647; x_wconf 89' lang='lat' dir='ltr'>per</span> <span class='ocrx_word' id='word_1_294' title='bbox 1192 2609 1243 2639; x_wconf 92' lang='lat' dir='ltr'>se</span> <span class='ocrx_word' id='word_1_295' title='bbox 1275 2608 1380 2638; x_wconf 87' lang='lat' dir='ltr'>esse</span> <span class='ocrx_word' id='word_1_296' title='bbox 1405 2597 1695 2648; x_wconf 78' lang='lat' dir='ltr'>fugiendum;</span> <span class='ocrx_word' id='word_1_297' title='bbox 1728 2596 1849 2636; x_wconf 85' lang='lat' dir='ltr'>idem</span> 
     </span>
     <span class='ocr_line' id='line_1_38' title="bbox 159 2656 1850 2708; baseline 0 -13"><span class='ocrx_word' id='word_1_298' title='bbox 159 2656 206 2695; x_wconf 80' lang='lat' dir='ltr'>in</span> <span class='ocrx_word' id='word_1_299' title='bbox 239 2656 282 2697; x_wconf 89' lang='lat' dir='ltr'>N</span> <span class='ocrx_word' id='word_1_300' title='bbox 314 2658 376 2697; x_wconf 87' lang='lat' dir='ltr'>ab</span> <span class='ocrx_word' id='word_1_301' title='bbox 410 2657 494 2698; x_wconf 84' lang='lat' dir='ltr'>alt.</span> <span class='ocrx_word' id='word_1_302' title='bbox 527 2668 587 2698; x_wconf 90' lang='lat' dir='ltr'>m.</span> <span class='ocrx_word' id='word_1_303' title='bbox 621 2658 669 2697; x_wconf 84' lang='lat' dir='ltr'>in</span> <span class='ocrx_word' id='word_1_304' title='bbox 702 2668 852 2707; x_wconf 75' lang='lat' dir='ltr'>mary.</span> <span class='ocrx_word' id='word_1_305' title='bbox 886 2659 1039 2698; x_wconf 81' lang='lat' dir='ltr'>adscr.</span> <span class='ocrx_word' id='word_1_306' title='bbox 1070 2658 1230 2707; x_wconf 82' lang='lat' dir='ltr'>posito</span> <span class='ocrx_word' id='word_1_307' title='bbox 1251 2659 1366 2708; x_wconf 81' lang='lat' dir='ltr'>post</span> <span class='ocrx_word' id='word_1_308' title='bbox 1396 2657 1586 2697; x_wconf 87' lang='lat' dir='ltr'>iudicari</span> <span class='ocrx_word' id='word_1_309' title='bbox 1610 2657 1749 2707; x_wconf 74' lang='lat' dir='ltr'>siyno</span> <span class='ocrx_word' id='word_1_310' title='bbox 1774 2666 1850 2695; x_wconf 89' lang='lat' dir='ltr'>eo-</span> 
     </span>
     <span class='ocr_line' id='line_1_39' title="bbox 158 2714 1833 2767; baseline -0.001 -12"><span class='ocrx_word' id='word_1_311' title='bbox 158 2716 353 2767; x_wconf 82' lang='lat' dir='ltr'>demque</span> <span class='ocrx_word' id='word_1_312' title='bbox 385 2718 433 2757; x_wconf 84' lang='lat' dir='ltr'>in</span> <span class='ocrx_word' id='word_1_313' title='bbox 465 2727 616 2767; x_wconf 64' lang='lat' dir='ltr'>mara.</span> <span class='ocrx_word' id='word_1_314' title='bbox 753 2716 780 2757; x_wconf 87' lang='grc'>3</span> <span class='ocrx_word' id='word_1_315' title='bbox 813 2714 874 2765; x_wconf 92' lang='lat' dir='ltr'>et]</span> <span class='ocrx_word' id='word_1_316' title='bbox 910 2720 987 2757; x_wconf 88' lang='lat' dir='ltr'>aut</span> <span class='ocrx_word' id='word_1_317' title='bbox 1018 2716 1111 2757; x_wconf 94' lang='lat' dir='ltr'>NV</span> <span class='ocrx_word' id='word_1_318' title='bbox 1240 2716 1265 2756; x_wconf 92' lang='lat'>7</span> <span class='ocrx_word' id='word_1_319' title='bbox 1299 2727 1418 2758; x_wconf 89' lang='lat' dir='ltr'>esse.</span> <span class='ocrx_word' id='word_1_320' title='bbox 1479 2715 1534 2756; x_wconf 93' lang='lat' dir='ltr'>Et</span> <span class='ocrx_word' id='word_1_321' title='bbox 1564 2715 1833 2765; x_wconf 81' lang='lat' dir='ltr'>fugiendum</span> 
     </span>
     <span class='ocr_line' id='line_1_40' title="bbox 157 2772 1849 2826; baseline 0.001 -13"><span class='ocrx_word' id='word_1_322' title='bbox 157 2774 313 2824; x_wconf 86' lang='lat' dir='ltr'>itaque</span> <span class='ocrx_word' id='word_1_323' title='bbox 353 2776 480 2816; x_wconf 88' lang='lat' dir='ltr'>aiunt</span> <span class='ocrx_word' id='word_1_324' title='bbox 522 2772 632 2826; x_wconf 90' lang='lat' dir='ltr'>(om.</span> <span class='ocrx_word' id='word_1_325' title='bbox 666 2777 975 2826; x_wconf 87' lang='lat' dir='ltr'>expetendam</span> <span class='ocrx_word' id='word_1_326' title='bbox 1017 2779 1062 2817; x_wconf 91' lang='lat' dir='ltr'>et</span> <span class='ocrx_word' id='word_1_327' title='bbox 1102 2776 1306 2817; x_wconf 90' lang='lat' dir='ltr'>dolorem</span> <span class='ocrx_word' id='word_1_328' title='bbox 1349 2777 1500 2825; x_wconf 87' lang='lat' dir='ltr'>ipsum</span> <span class='ocrx_word' id='word_1_329' title='bbox 1540 2785 1621 2824; x_wconf 88' lang='lat' dir='ltr'>per</span> <span class='ocrx_word' id='word_1_330' title='bbox 1660 2785 1711 2815; x_wconf 92' lang='lat' dir='ltr'>se</span> <span class='ocrx_word' id='word_1_331' title='bbox 1744 2785 1849 2815; x_wconf 91' lang='lat' dir='ltr'>esse</span> 
     </span>
     <span class='ocr_line' id='line_1_41' title="bbox 157 2832 1774 2886; baseline 0.001 -13"><span class='ocrx_word' id='word_1_332' title='bbox 157 2833 213 2884; x_wconf 81' lang='lat' dir='ltr'>cf.</span> <span class='ocrx_word' id='word_1_333' title='bbox 238 2835 304 2876; x_wconf 83' lang='lat' dir='ltr'>ad</span> <span class='ocrx_word' id='word_1_334' title='bbox 332 2847 380 2886; x_wconf 83' lang='lat' dir='ltr'>p.</span> <span class='ocrx_word' id='word_1_335' title='bbox 398 2839 462 2885; x_wconf 83' lang='lat'>12,</span> <span class='ocrx_word' id='word_1_336' title='bbox 477 2832 523 2884; x_wconf 85' lang='lat'>5)</span> <span class='ocrx_word' id='word_1_337' title='bbox 555 2835 593 2876; x_wconf 87' lang='lat' dir='ltr'>R</span> <span class='ocrx_word' id='word_1_338' title='bbox 717 2834 771 2875; x_wconf 87' lang='grc'>18</span> <span class='ocrx_word' id='word_1_339' title='bbox 804 2838 938 2876; x_wconf 88' lang='lat' dir='ltr'>natus</span> <span class='ocrx_word' id='word_1_340' title='bbox 970 2836 1027 2875; x_wconf 89' lang='lat' dir='ltr'>sit</span> <span class='ocrx_word' id='word_1_341' title='bbox 1060 2845 1179 2876; x_wconf 88' lang='lat' dir='ltr'>error</span> <span class='ocrx_word' id='word_1_342' title='bbox 1209 2835 1293 2875; x_wconf 92' lang='lat' dir='ltr'>BE</span> <span class='ocrx_word' id='word_1_343' title='bbox 1333 2845 1452 2876; x_wconf 87' lang='lat' dir='ltr'>error</span> <span class='ocrx_word' id='word_1_344' title='bbox 1484 2836 1617 2874; x_wconf 86' lang='lat' dir='ltr'>natus</span> <span class='ocrx_word' id='word_1_345' title='bbox 1649 2834 1706 2874; x_wconf 89' lang='lat' dir='ltr'>sit</span> <span class='ocrx_word' id='word_1_346' title='bbox 1734 2833 1774 2874; x_wconf 94' lang='lat' dir='ltr'>V</span> 
     </span>
     <span class='ocr_line' id='line_1_42' title="bbox 155 2891 1848 2943; baseline -0.001 -8"><span class='ocrx_word' id='word_1_347' title='bbox 155 2894 212 2935; x_wconf 88' lang='lat'>22</span> <span class='ocrx_word' id='word_1_348' title='bbox 245 2891 319 2943; x_wconf 91' lang='lat' dir='ltr'>sit]</span> <span class='ocrx_word' id='word_1_349' title='bbox 353 2895 391 2934; x_wconf 90' lang='lat' dir='ltr'>si</span> <span class='ocrx_word' id='word_1_350' title='bbox 426 2894 508 2934; x_wconf 90' lang='lat' dir='ltr'>BE</span> <span class='ocrx_word' id='word_1_351' title='bbox 630 2895 686 2936; x_wconf 83' lang='lat'>23</span> <span class='ocrx_word' id='word_1_352' title='bbox 719 2898 1025 2936; x_wconf 90' lang='lat' dir='ltr'>consecuntur</span> <span class='ocrx_word' id='word_1_353' title='bbox 1057 2894 1097 2934; x_wconf 86' lang='lat' dir='ltr'>A</span> <span class='ocrx_word' id='word_1_354' title='bbox 1222 2894 1277 2934; x_wconf 87' lang='grc'>27</span> <span class='ocrx_word' id='word_1_355' title='bbox 1313 2894 1471 2935; x_wconf 85' lang='lat' dir='ltr'>dolore</span> <span class='ocrx_word' id='word_1_356' title='bbox 1503 2897 1548 2934; x_wconf 90' lang='lat' dir='ltr'>et</span> <span class='ocrx_word' id='word_1_357' title='bbox 1579 2893 1736 2934; x_wconf 82' lang='lat' dir='ltr'>labore</span> <span class='ocrx_word' id='word_1_358' title='bbox 1768 2892 1848 2933; x_wconf 89' lang='lat' dir='ltr'>BE</span> 
     </span>
    </p>
   </div>
  </div>
 </body>
</html>
