2046 3138
35 119 63 171 ἓ
94 119 266 162 17-20
553 113 639 160 DE
671 110 924 159 FINIBUS
959 109 1108 158 BON.
1143 110 1220 156 ET
1255 109 1406 156 MAL.
1754 114 1817 165 41

125 257 333 321 probat,
368 256 723 319 coniungeret
741 253 946 304 doloris
963 253 1294 303 vacuitatem
1321 266 1444 302 cum
1470 250 1755 314 voluptate
1775 255 1827 301 et

125 332 343 383 duobus
385 330 589 380 ultimis
629 333 878 380 uteretur.
943 327 1097 377 multi
1141 328 1285 378 enim
1330 332 1382 377 et
1423 327 1610 390 magni
1652 325 1826 388 philo-

125 407 287 470 sophi
321 406 458 457 haec
490 405 683 456 ultima
714 404 986 455 bonorum
1021 404 1204 453 iuncta
1237 402 1492 460 fecerunt,
1533 405 1591 451 ut
1622 401 1828 451 Aristo-

124 482 259 533 teles
277 481 488 531 virtutis
513 494 675 531 usum
703 493 826 528 cum
844 479 991 528 vitae
1018 477 1288 540 perfectae
1316 477 1673 539 prosperitate
1700 489 1827 526 con-

76 558 309 615 5iunxit,
363 553 613 618 Callipho
660 554 907 604 adiunxit
960 553 1031 602 ad
1077 552 1423 603 honestatem
1468 550 1826 614 voluptatem,

126 631 402 683 Diodorus
449 630 519 680 ad
566 629 799 680 eandem
846 628 1193 678 honestatem
1239 626 1451 676 addidit
1494 627 1826 676 vacuitatem

125 706 344 758 doloris,
419 705 566 756 idem
611 704 829 755 fecisset
873 702 1150 766 Epicurus,
1204 702 1248 752 si
1294 702 1623 752 sententiam
1670 701 1825 759 hane,

125 795 268 845 quae
310 794 456 832 nunc
489 779 807 843 Hieronymi
842 783 937 837 est,
983 778 1358 828 coniunxisset
1399 790 1522 826 cum
1564 774 1826 838 Aristippi

123 861 308 907 vetere
326 855 610 907 sententia.
656 854 731 904 illi
751 854 896 904 enirn
916 854 1052 903 inter
1075 866 1134 903 se
1155 852 1497 902 dissentiunt.
1540 855 1827 913 propterea

58 940 100 976 10
125 931 354 995 singulis
389 930 590 981 finibus
617 933 838 979 utuntur
864 933 930 987 et,
965 942 1089 978 cum
1116 931 1344 990 uterque
1372 925 1579 977 Graece
1606 926 1826 989 egregie

123 1005 389 1069 loquatur,
422 1019 525 1055 nec
556 1003 881 1066 AristippuS,
915 1004 1009 1066 qui
1041 1002 1384 1065 voluptatem
1418 1016 1696 1051 summum
1731 1001 1826 1051 bo-

122 1095 254 1131 num
289 1080 431 1140 dicit,
465 1081 519 1129 in
544 1079 830 1141 voluptate
864 1078 1019 1140 ponit
1052 1091 1165 1128 non
1193 1076 1395 1135 dolere,
1428 1090 1611 1139 neque
1637 1075 1826 1126 Hiero-

123 1169 335 1219 nymuS,
370 1156 463 1218 qui
497 1168 774 1205 summum
808 1153 1018 1204 bonurn
1045 1153 1232 1203 statuit
1256 1166 1369 1202 non
1397 1151 1599 1210 dolere,
1632 1150 1827 1213 volup-

122 1231 246 1280 tatis
278 1231 503 1281 nomine
529 1242 793 1292 umquam
827 1229 990 1278 utitur
1024 1241 1121 1290 pro
1148 1226 1241 1277 illa
1267 1226 1585 1284 indolentia,
1620 1226 1827 1289 quippe

56 1314 99 1349 15
124 1306 217 1368 qui
242 1319 312 1355 ne
338 1306 392 1355 in
420 1303 741 1367 expetendis
761 1303 984 1366 quidem
1011 1302 1173 1352 rebus
1199 1305 1449 1352 numeret
1466 1300 1825 1364 voluptatem.

124 1380 267 1430 duae
301 1385 426 1430 sunt
459 1380 605 1430 enim
638 1392 723 1428 res
757 1391 995 1441 quoque,
1040 1391 1110 1427 ne
1143 1382 1201 1427 tu
1232 1377 1403 1427 verba
1436 1375 1615 1426 solum
1651 1380 1824 1438 putes

123 1470 294 1505 unum
329 1460 410 1506 est
435 1456 554 1505 sine
581 1453 772 1504 dolore
799 1466 936 1511 esse,
970 1452 1199 1502 alterum
1226 1466 1350 1502 cum
1375 1450 1676 1513 voluptate.
1723 1464 1826 1501 vos

125 1543 191 1580 ex
225 1529 309 1580 his
342 1535 454 1580 tam
489 1527 847 1579 dissimilibus
880 1527 1043 1578 rebus
1077 1541 1190 1578 non
1225 1526 1394 1577 modo
1424 1540 1630 1576 nomen
1655 1540 1826 1575 unum

126 1630 194 1636 —
229 1619 357 1654 nam
392 1604 446 1654 id
480 1603 692 1654 facilius
727 1607 938 1665 paterer
971 1627 1056 1661 —,
1091 1601 1190 1652 sed
1225 1602 1389 1652 etiam
1419 1614 1532 1651 rem
1558 1614 1726 1650 unam
1761 1614 1827 1651 ex

55 1688 100 1723 20
127 1679 343 1730 duabus
377 1679 554 1730 facere
588 1678 880 1736 conamini,
915 1677 1066 1740 quod
1100 1677 1215 1727 fieri
1248 1676 1400 1727 nullo
1427 1675 1597 1726 modo
1632 1680 1827 1738 potest.

124 1754 225 1813 hie,
272 1755 365 1817 qui
405 1759 696 1816 utrumque
737 1753 948 1815 probat,
998 1751 1271 1802 ambobus
1321 1751 1510 1801 debuit
1550 1751 1642 1810 uti,
1691 1751 1829 1800 sicut

124 1828 250 1879 facit
289 1843 359 1888 re,
404 1842 586 1892 neque
627 1833 812 1878 tamen
854 1827 1049 1877 dividit
1087 1827 1285 1877 verbis,
1349 1840 1473 1876 curn
1516 1827 1661 1876 enirn
1705 1839 1826 1876 earn

125 1905 302 1966 ipsam
327 1903 685 1966 voluptatem,
720 1916 886 1966 quam
920 1901 1119 1953 eodem
1154 1902 1379 1952 nomine
1414 1914 1608 1952 omnes
1643 1900 1829 1963 appel-

124 1978 318 2038 lamus,
354 1978 542 2028 laudat
573 1978 709 2028 locis
743 1977 1003 2040 plurimiS,
1046 1976 1212 2027 audet
1245 1976 1427 2027 dicere
1459 1990 1530 2026 ne
1564 1976 1827 2038 suspicari

58 2062 104 2098 25
130 2053 354 2116 quidem
390 2067 450 2104 se
483 2052 655 2103 ullum
689 2053 899 2103 bonum
933 2053 1239 2102 seiunctum
1283 2051 1352 2101 ab
1387 2051 1479 2101 illo
1513 2049 1827 2112 Aristippeo

124 2141 325 2192 genere
356 2127 671 2190 voluptatiS,
714 2131 880 2190 atque
921 2126 998 2176 ibi
1031 2126 1139 2177 hoc
1173 2126 1316 2184 dicit,
1357 2126 1452 2176 ubi
1494 2126 1675 2176 omnis
1710 2125 1827 2175 eius

125 2208 206 2253 est
240 2204 412 2253 oratio
447 2202 517 2252 de
551 2215 768 2252 summo
803 2201 968 2252 bon0.
1033 2201 1087 2250 in
1121 2200 1229 2251 alio
1253 2212 1395 2250 ‘vero
1430 2199 1584 2258 libro,
1626 2200 1680 2249 in
1716 2214 1826 2262 quo

124 2278 356 2328 breviter
390 2276 801 2339 comprehensis
835 2276 1173 2339 gravissimis
1207 2276 1492 2326 sententiis
1527 2275 1685 2338 quasi
1712 2288 1828 2325 ora-

125 2352 248 2402 cula
280 2352 521 2403 edidisse
555 2352 858 2414 sapientiae
885 2350 1092 2409 dicitur,
1127 2350 1309 2400 scribit
1342 2350 1428 2400 his
1452 2350 1650 2409 verbis,
1685 2363 1828 2412 quae

55 2436 101 2471 30
125 2432 257 2478 nota
280 2427 378 2478 tibi
404 2426 662 2489 profecto,
696 2425 985 2488 Torquate,
1012 2429 1138 2475 sunt
1163 2450 1232 2457 ——
1261 2426 1383 2488 quis
1411 2425 1557 2475 enim
1586 2429 1827 2476 vestrum

125 2516 237 2552 non
273 2502 495 2552 edidicit
520 2501 733 2564 Epicuri
765 2495 963 2562 κυρίας
996 2491 1172 2558 δόξας,
1206 2499 1261 2550 id
1296 2504 1378 2550 est
1403 2500 1562 2564 quasi
1587 2500 1827 2550 maxime

126 2581 283 2635 rataS,
310 2577 440 2640 quia
465 2576 824 2640 gravissimae
851 2575 957 2625 sint
983 2574 1053 2624 ad
1079 2575 1240 2625 beate
1264 2574 1567 2625 vivendum
1594 2574 1828 2625 breviter

129 2652 443 2701 enuntiatae
488 2650 829 2701 sententiae?
871 2675 939 2681 —
986 2649 1363 2700 animadverte
1407 2650 1567 2712 igitur
1611 2653 1826 2699 rectene

127 2726 270 2775 hanc
303 2726 630 2776 sententiam
665 2725 1000 2787 interpreter:
1037 2718 1113 2774 ‘Si
1147 2738 1227 2783 ea,
1261 2738 1404 2787 quae
1438 2728 1564 2773 sunt
1593 2722 1828 2773 luxurio-

205 2843 258 2883 15
315 2844 502 2893 quidem
551 2840 702 2891 rebus]
754 2843 889 2884 rebus
946 2843 1132 2892 quidem
1173 2841 1255 2883 BE
1308 2842 1495 2891 quidem
1540 2842 1621 2881 tibi
1666 2840 1707 2882 V

128 2901 184 2942 20
217 2902 343 2944 nullo
378 2903 517 2944 modo
551 2902 650 2944 fieri
682 2902 764 2943 BE
917 2901 973 2942 22
1008 2913 1054 2944 re
1088 2899 1258 2952 neque]
1306 2912 1460 2950 neque
1505 2896 1613 2950 (om.
1648 2898 1714 2951 re)
1748 2899 1829 2940 BE

129 2971 316 3014 remque
348 2962 387 3005 R
509 2962 564 3005 23
598 2962 837 3014 appellant
869 2956 934 3002 A¹
1056 2961 1112 3002 26
1146 2962 1292 3003 oratio
1335 2962 1435 3002 eius
1468 2963 1538 3002 est
1569 2959 1651 3001 BE

1862 337 1916 378 19

1862 2727 1914 2769 21
