2046 3138
208 129 278 178 75
631 120 716 166 DE
749 119 1003 167 FINIBUS
1036 118 1186 166 BON.
1219 120 1298 166 ET
1330 121 1482 167 MAL.
1603 126 1994 170 Lib.11c.29—31

205 262 402 313 timor?
467 255 780 320 ‘Moriatur',
824 262 1013 324 inquit.
1076 260 1328 311 Fortasse
1372 262 1426 311 id
1473 263 1758 324 optimum,
1801 264 1900 315 sed

206 337 299 386 ubi
345 336 500 386 illud:
548 330 694 386 ‘Plus
735 349 952 398 semper
993 330 1353 398 voluptatis'?
1412 337 1457 386 si
1503 338 1649 387 enim
1691 339 1765 387 ita
1806 343 1902 397 est,

204 411 334 460 vide
366 424 436 461 ne
470 410 680 460 facinus
713 410 896 468 iaciaS,
931 423 1055 460 cum
1089 411 1226 460 mori
1252 410 1505 461 suadeas,
1561 413 1744 473 potius
1771 426 1900 476 ergo

205 484 297 534 illa
323 485 590 535 dicantur:
625 489 781 547 turpe
808 498 944 543 esse,
975 485 1075 534 viri
1101 498 1214 534 non
1248 498 1371 535 esse
1397 485 1664 536 debilitari
1697 486 1901 546 dolore,

205 559 392 622 frangi,
427 559 798 610 succumbere.
845 572 974 608 nam
1001 559 1104 609 ista
1130 563 1332 609 vestra:
1368 553 1445 609 ‘Si
1470 561 1666 622 graviS‚
1699 561 1901 620 brevis;
1946 571 1977 607 5

204 634 249 683 si
299 633 514 697 longuS,
562 629 718 684 levis'
766 634 967 683 dictata
1010 637 1150 683 sunt.
1226 634 1452 692 virtutiS,
1507 635 1900 698 magnitudinis

205 709 387 767 animi,
433 709 743 770 patientiae,
787 707 1115 758 fortitudinis
1163 707 1420 758 fomentis
1465 708 1622 760 dolor
1667 711 1901 773 mitigari

203 782 357 833 solet.

278 855 440 915 Audi,
472 871 543 907 ne
577 856 743 919 longe
776 857 989 915 abeam,
1021 857 1261 907 moriens
1295 857 1427 919 quid
1457 857 1602 908 dicat
1624 857 1900 920 Epicurus,

205 936 264 980 ut
295 931 583 994 intellegas
609 931 750 980 facta
776 932 894 981 eius
921 945 1046 981 cum
1073 930 1229 981 dictis
1256 931 1585 994 discrepare:
1621 927 1899 995 ‘Epicurus
1925 941 1975 978 10

203 1004 535 1056 Hermarcho
556 1005 803 1056 salutem.
851 1004 987 1056 Cum
1015 1000 1341 1068 ageremus',
1367 1007 1555 1068 inquit,
1583 1001 1747 1057 ‘vitae
1773 1008 1899 1058 bea-

202 1084 316 1129 tum
367 1085 419 1130 et
467 1080 705 1130 eundem
754 1094 1071 1142 supremum
1117 1080 1278 1139 diem,
1326 1080 1700 1131 scribebamus
1748 1081 1898 1132 haee.

202 1155 337 1204 tanti
370 1159 555 1205 autem
588 1154 815 1205 aderant
846 1155 1067 1205 vesicae
1101 1159 1154 1204 et
1185 1155 1480 1205 torminum
1514 1155 1705 1214 morbi,
1738 1161 1797 1205 ut
1821 1157 1899 1206 ni-

202 1228 276 1278 hil
303 1229 373 1278 ad
401 1243 590 1279 eorum
617 1229 1054 1292 magnitudinem
1080 1233 1269 1291 posset
1293 1224 1588 1280 accedere.'
1638 1229 1897 1280 Miserum

202 1302 505 1353 hominem!
555 1302 612 1353 Si
639 1303 795 1354 dolor
821 1318 1097 1353 summum
1123 1303 1330 1353 malum
1357 1307 1453 1362 est,
1478 1303 1583 1354 dici
1610 1304 1762 1355 aliter
1786 1319 1898 1355 non
1924 1313 1971 1349 1⁵

202 1382 396 1439 potest.
452 1378 551 1428 sed
584 1378 876 1428 audiamus
909 1379 1112 1440 ipsum:
1149 1372 1677 1440 ‘Compensabatur’,
1709 1380 1898 1441 inquit,

206 1446 408 1502 ‘tamen
436 1466 559 1501 cum
585 1452 670 1501 his
697 1452 953 1502 omnibus
980 1452 1148 1502 animi
1174 1451 1392 1510 laetitia,
1419 1466 1585 1515 quam
1612 1453 1897 1516 capiebam

200 1527 466 1576 memoria
506 1527 778 1577 rationum
819 1527 1280 1589 inventorumque
1312 1531 1637 1577 nostrorum.
1694 1527 1791 1578 sed
1825 1533 1897 1586 tn,

200 1605 259 1649 ut
292 1600 519 1663 dignum
555 1606 637 1650 est
668 1605 763 1650 tua
796 1614 925 1664 erga
957 1615 1047 1651 me
1081 1605 1133 1651 et
1173 1600 1582 1663 philosophiam
1613 1601 1898 1652 voluntate

201 1675 269 1724 ab
304 1675 718 1726 adolescentulo
761 1680 1030 1738 suscepta,
1071 1674 1156 1724 fac
1195 1680 1254 1725 ut
1285 1674 1580 1726 Metrodori
1620 1680 1807 1726 tueare
1839 1676 1898 1726 li·
1920 1684 1970 1721 ω

111 1755 167 1796 97
201 1745 397 1799 beros?
447 1763 559 1800 non
586 1763 691 1813 ego
718 1750 827 1799 iam
852 1749 1283 1812 Epaminondae,
1315 1763 1428 1800 non
1454 1749 1733 1800 Leonidae
1758 1765 1898 1801 mor-

198 1828 308 1873 tem
342 1823 504 1873 huius
538 1825 696 1874 morti
730 1828 1025 1886 antepon0,
1067 1838 1300 1886 quorum
1341 1823 1474 1874 alter
1514 1838 1637 1874 cum
1676 1825 1897 1874 vicisset

199 1896 669 1948 Lacedaemonios
703 1897 852 1960 apud
877 1897 1213 1948 Mantineam
1246 1902 1412 1960 atque
1444 1899 1563 1960 ipse
1595 1900 1747 1961 gravi
1779 1898 1897 1948 vul-

198 1985 328 2022 nere
362 1973 659 2022 exanimari
692 1985 752 2022 se
783 1971 1007 2030 videret,
1040 1976 1100 2021 ut
1131 1973 1365 2034 primum
1400 1972 1649 2035 dispexit,
1682 1974 1896 2035 quaesi-

198 2047 276 2095 vit
309 2046 569 2097 salvusne
603 2051 748 2096 esset
780 2046 1004 2109 clipeus,
1053 2060 1176 2096 cum
1202 2046 1416 2096 salvum
1444 2060 1567 2097 esse
1591 2046 1784 2097 flentes
1810 2048 1894 2097 sui
1917 2055 1965 2091 25

200 2120 628 2183 respondissent,
653 2121 867 2184 rogavit
884 2126 1140 2171 essentne
1165 2120 1270 2170 iusi
1294 2120 1497 2171 hostes,
1545 2135 1669 2171 cum
1687 2121 1742 2171 id
1761 2135 1895 2189 quo-

199 2209 322 2257 que,
355 2199 414 2244 ut
447 2195 717 2262 cupiebat,
750 2195 1065 2254 audivisset,
1100 2194 1260 2245 evelli
1286 2196 1443 2245 iussit
1467 2209 1606 2253 eam,
1639 2209 1750 2258 qua
1782 2200 1894 2246 erat
1952 2212 1955 2214 ·

198 2269 504 2328 transfixus,
538 2269 768 2320 hastam.
824 2263 898 2319 ita
930 2269 1102 2320 multo
1138 2270 1408 2332 sanguine
1442 2269 1665 2332 profuso
1698 2271 1752 2319 in
1785 2269 1893 2319 lae-

196 2344 312 2392 titia
353 2348 406 2393 et
445 2345 499 2392 in
543 2344 770 2394 victoria
811 2348 892 2394 est
930 2348 1192 2394 mortuus,
1255 2343 1528 2394 Leonidas
1561 2348 1760 2402 autem,
1799 2357 1891 2397 rex

196 2415 774 2476 Lacedaemoniorum,
800 2431 860 2468 se
886 2418 940 2467 in
966 2417 1346 2482 Thermopylis
1371 2422 1753 2480 trecentosque
1780 2431 1892 2476 eos,
1915 2437 1962 2474 30

200 2505 341 2553 quos
368 2491 628 2542 eduxerat
654 2490 861 2554 Sparta,
889 2506 1011 2542 cum
1040 2496 1184 2542 esset
1209 2493 1491 2555 proposita
1515 2496 1609 2541 aut
1633 2491 1763 2555 iuga
1786 2497 1890 2541 tur-

194 2566 278 2627 pis
322 2570 416 2615 aut
455 2565 697 2628 gloriosa
739 2580 901 2623 mors,
946 2567 1208 2628 opposuit
1250 2566 1516 2617 hostibus
1580 2565 1889 2628 praeclarae

116 822 186 872 30

115 893 171 934 96

267 2711 294 2753 3
326 2711 469 2752 iacias
501 2711 681 2753 facinus
712 2711 794 2752 BE
941 2712 996 2752 10
1027 2712 1271 2763 intellegas
1303 2708 1535 2762 (intellig.)
1567 2705 1725 2752 BEA²
1755 2711 1887 2752 intel-

192 2769 316 2820 legat
339 2765 406 2811 Α1
437 2771 662 2822 intelligat
685 2770 724 2812 R
755 2771 1068 2822 intelligantur
1098 2771 1140 2812 N
1172 2771 1451 2822 intelligatur
1480 2771 1523 2812 V
1646 2770 1699 2811 13
1732 2772 1885 2811 autem

192 2840 280 2870 om.
314 2828 357 2870 A
479 2831 670 2871 aderant
701 2841 790 2872 om.
823 2829 906 2871 BE
1030 2830 1084 2871 19
1117 2841 1191 2872 me
1223 2834 1269 2872 et
1301 2830 1645 2880 philosophiam
1675 2830 1779 2870 Βαί.
1813 2840 1887 2870 me

192 2884 272 2936 (ne
303 2886 360 2939 R)
393 2892 439 2930 et
471 2889 770 2939 philosophia
800 2883 963 2931 A¹RN
1003 2900 1077 2931 me
1109 2889 1408 2940 philosophia
1438 2888 1521 2930 BE
1553 2899 1628 2930 me
1658 2891 1704 2930 et
1736 2888 1885 2938 philo-

190 2948 359 2997 sophia
390 2951 435 2988 et
466 2942 582 2989 A²v
696 2948 753 2989 24
786 2949 998 2999 despexit
1028 2948 1160 2989 BEN
1267 2948 1324 2989 29
1356 2951 1402 2990 et
1433 2949 1481 2988 in
1512 2947 1702 2989 ARNV
1733 2951 1779 2989 et
1802 2946 1886 2988 BE
