2046 3138
34 144 62 195 ἓ
89 146 264 188 49-—54
390 212 392 214 v
543 142 628 188 DE
659 141 913 189 FINIBUS
947 141 1096 190 BON.
1131 142 1209 189 ET
1242 142 1393 189 MAL.
1717 151 1819 202 143

123 279 254 330 dum
296 279 589 344 gloriosas
641 280 801 332 vides
848 282 1016 344 igitur
1057 287 1110 334 te
1154 287 1251 333 aut
1289 295 1356 332 ea
1402 296 1634 341 sumere,
1675 296 1816 346 quae
1843 258 1908 306 ¹9

122 368 233 405 non
265 354 652 414 concedantur,
684 361 780 406 aut
816 370 895 414 ea,
928 370 1069 419 quae
1103 357 1269 407 etiarn
1302 370 1565 408 concessa
1600 363 1652 408 te
1682 356 1817 407 nihil

123 429 327 480 iuvent.

197 502 466 566 Equidem
508 505 563 554 in
607 505 865 555 omnibus
914 505 1036 555 istis
1079 505 1529 556 conclusionibus
1576 505 1681 557 hoc
1722 521 1821 569 pu-

78 593 100 626 5
124 583 297 628 tarem
333 578 689 642 philosophia
723 579 995 642 nobisque
1036 579 1282 643 dignum,
1316 586 1370 631 et
1407 581 1662 640 maxime,
1697 594 1818 631 cum

125 666 402 702 summum
445 652 653 703 bonum
698 667 1104 716 quaereremuS,
1154 655 1326 705 vitam
1371 660 1634 714 nostram,
1693 669 1820 706 con-

125 726 262 784 silia,
297 726 630 786 voluntates,
667 742 778 778 non
819 729 990 779 verba
1025 729 1240 792 corrigi.
1291 730 1414 792 quis
1448 730 1594 779 enim
1635 735 1819 792 potest

124 801 259 858 istiS,
310 815 451 863 quae
501 807 568 860 te,
625 808 686 852 ut
733 803 831 861 aiS,
885 802 1175 861 delectant,
1225 803 1486 854 brevibus
1539 810 1594 855 et
1641 805 1818 855 acutis

123 875 329 925 auditis
388 875 456 926 de
515 878 788 928 sententia
832 877 1137 928 decedere?
1179 891 1308 928 nam
1353 892 1475 929 cum
1520 884 1814 942 expectant

58 964 101 1000 10
123 954 177 1000 et
212 956 378 1001 avent
416 950 609 1001 audire
654 965 748 1001 cur
786 951 946 1002 dolor
985 952 1194 1002 malum
1231 967 1342 1003 non
1385 954 1469 1012 sit,
1508 953 1697 1004 dicunt
1736 953 1816 1003 illi

122 1037 382 1086 asperum
420 1038 543 1076 esse
583 1025 785 1088 dolere,
830 1026 1141 1085 molestum,
1179 1027 1455 1086 odiosum,
1497 1033 1687 1079 contra
1723 1042 1818 1079 na-

123 1103 318 1157 turam,
354 1098 588 1150 difficile
624 1086 877 1159 tolefatu‚
921 1100 1034 1159 sed,
1071 1101 1200 1163 quia
1237 1101 1391 1152 nulla
1426 1103 1496 1153 sit
1534 1103 1589 1152 in
1625 1102 1818 1154 dolore

123 1186 223 1223 nec
262 1172 417 1224 fraus
458 1187 560 1224 nec
605 1175 934 1237 improbitas
974 1189 1075 1226 nec
1118 1175 1330 1227 malitia
1369 1190 1470 1227 nec
1515 1176 1679 1239 culpa
1716 1191 1818 1229 nec

124 1248 426 1310 turpitudo,
467 1262 578 1299 non
621 1262 744 1299 esse
791 1249 929 1300 illud
970 1250 1194 1303 malum.
1250 1251 1387 1301 haec
1426 1252 1518 1313 qui
1564 1251 1816 1311 audierit,

58 1338 100 1373 15
123 1327 183 1372 ut
216 1322 395 1372 ridere
429 1337 541 1374 non
583 1329 747 1381 curet,
784 1323 1032 1375 discedet
1069 1330 1254 1375 tamen
1287 1325 1459 1376 nihilo
1500 1325 1713 1377 firmior
1746 1327 1817 1383 ad

124 1396 373 1447 dolorem
424 1397 730 1456 ferendum,
783 1412 948 1460 quam
1004 1404 1246 1450 venerat.
1297 1405 1355 1450 tu
1409 1405 1594 1451 autem
1643 1414 1817 1464 negas
1850 1411 1906 1452 53

123 1470 324 1522 fortem
371 1485 495 1522 esse
544 1485 878 1535 quemquam
935 1487 1116 1535 posse,
1165 1474 1258 1536 qui
1311 1474 1561 1525 dolorem
1609 1475 1818 1526 malurn

125 1551 294 1608 putet.
356 1560 449 1596 cur
508 1545 706 1597 fortior
767 1548 851 1605 sit,
898 1548 942 1597 si
988 1547 1142 1607 illud,
1189 1548 1338 1611 quod
1379 1554 1495 1600 tute
1540 1550 1813 1609 concediS,

122 1634 382 1683 asperum
432 1626 485 1672 et
534 1621 628 1671 vix
684 1621 975 1672 ferendum
1026 1623 1282 1685 putabit?
1334 1637 1403 1678 ex
1452 1625 1616 1675 rebus
1671 1626 1816 1676 enim

53 1711 99 1746 20
123 1694 406 1754 timiditas,
447 1709 559 1746 non
601 1709 668 1746 ex
714 1696 1003 1747 vocabulis
1043 1697 1304 1748 nascitur.

185 1768 251 1820 Et
280 1769 378 1827 εἰς,
410 1770 455 1819 si
486 1783 597 1819 una
626 1769 808 1820 littera
837 1776 1115 1821 commota
1145 1772 1229 1830 sit,
1265 1771 1386 1822 fore
1421 1779 1538 1823 tota
1571 1779 1630 1824 ut
1666 1774 1814 1826 labet

122 1843 431 1906 disciplina.
478 1849 663 1895 utrum
702 1845 870 1907 igitur
913 1846 1010 1895 tibi
1048 1845 1285 1897 litteram
1326 1847 1521 1899 videor
1558 1862 1627 1898 an
1670 1854 1816 1900 totas

121 1919 356 1981 paginas
391 1920 779 1969 commovere?
824 1925 884 1969 ut
922 1920 1068 1970 enim
1103 1920 1173 1971 sit
1209 1921 1360 1983 apud
1393 1921 1535 1980 illos
1575 1922 1630 1972 id
1665 1924 1814 1986 quod

121 1998 205 2043 est
229 2007 263 2042 a
287 1998 340 2043 te
380 1992 684 2051 laudatum,
726 1993 865 2044 ordo
911 2007 1092 2044 rerum
1135 2002 1494 2046 conservatus
1538 2003 1591 2048 et
1630 1999 1818 2048 omnia

53 2084 98 2119 25
123 2067 263 2117 inter
298 2081 356 2117 se
392 2073 524 2129 apta
562 2073 616 2118 et
651 2081 861 2118 conexa
900 2096 962 2102 -—
997 2069 1075 2118 sic
1113 2069 1258 2120 enim
1292 2070 1481 2122 aiebas
1521 2099 1597 2130 --‚
1631 2077 1815 2123 tamen

123 2142 379 2204 persequi
415 2155 526 2192 non
565 2141 847 2200 debemuS‚
891 2143 935 2192 si
972 2156 1005 2192 a
1045 2142 1203 2194 falsis
1240 2144 1524 2208 principiis
1567 2146 1817 2209 profecta

123 2220 435 2278 congruunt
473 2217 596 2278 ipsa
637 2216 741 2266 sibi
786 2221 839 2266 et
878 2230 911 2266 a
955 2217 1244 2280 proposito
1283 2233 1394 2269 non
1438 2219 1710 2272 aberrant.
1759 2222 1814 2272 in
1847 2233 1904 2274 54

123 2290 300 2351 prima
328 2290 495 2352 igitur
524 2290 917 2341 constitutione
949 2291 1099 2341 Zeno
1127 2297 1256 2342 tuus
1288 2307 1320 2342 a
1350 2299 1544 2345 natura
1578 2297 1816 2354 recessit,

123 2378 356 2427 cumque
382 2379 659 2414 summum
686 2364 891 2414 bonum
917 2366 1198 2427 posuisset
1224 2367 1276 2416 in
1299 2368 1503 2430 ingenii
1528 2376 1812 2431 praestan-

195 2560 222 2600 4
255 2561 633 2601 conclusionibus
666 2561 763 2602 istis
795 2561 832 2601 B
867 2558 980 2611 (non
1014 2563 1111 2603 istis
1144 2563 1522 2606 conclusionibus
1555 2564 1687 2617 istis),
1720 2567 1754 2607 E

120 2619 146 2659 8
183 2623 228 2660 te
268 2624 317 2660 ut
356 2622 423 2661 ais
465 2620 694 2661 delectant
734 2622 948 2662 brevibus
981 2622 1091 2663 edit.
1123 2622 1309 2664 Ascens.
1342 2627 1390 2664 tu
1432 2628 1480 2665 ut
1519 2626 1588 2666 ais
1629 2622 1720 2676 (ars
1751 2625 1811 2678 V)

121 2680 335 2720 brevibus
369 2680 599 2720 delectant
631 2676 867 2729 (delectari
900 2674 982 2731 N²)
1082 2681 1110 2721 9
1144 2686 1389 2731 expectant
1424 2678 1546 2725 ‘alii’
1583 2687 1631 2726 in
1664 2698 1814 2738 mary.

119 2738 274 2780 Lamb.
301 2735 508 2789 (secund.
534 2736 706 2789 Mdv.),·
738 2751 795 2780 ea
826 2743 1037 2790 spectant
1160 2741 1214 2782 10
1246 2746 1383 2783 avent
1406 2743 1458 2785 A.
1483 2745 1610 2786 Man.
1644 2746 1817 2787 habent

197 2799 245 2838 11
285 2799 440 2839 dolere
472 2798 554 2839 BE
588 2799 746 2840 dolore
778 2799 815 2840 R
848 2799 1052 2840 dolorem
1086 2800 1178 2842 NV
1324 2802 1378 2842 16
1421 2802 1584 2854 negas]
1615 2817 1663 2856 ρ.
1681 2810 1746 2856 99,
1766 2811 1816 2847 12

118 2868 219 2909 sqq.
349 2859 400 2899 21
439 2859 520 2905 ais,
554 2858 610 2898 25
644 2856 820 2908 aiebas]
851 2871 898 2909 p.
919 2863 1007 2909 118,
1023 2864 1076 2900 22
1106 2872 1209 2911 sqq.
1341 2862 1397 2903 22
1430 2864 1591 2905 videor
1622 2865 1813 2906 litteram

56 2959 58 2961 ,
119 2916 201 2957 ΒΕ
352 2918 408 2959 26
442 2919 694 2958 debeamus
726 2918 809 2958 BE
944 2918 1001 2960 27
1035 2924 1293 2970 congruunt
1322 2922 1509 2964 Ascens.
1543 2927 1814 2974 congruenti

120 2975 249 3018 BER
281 2982 535 3027 congruent
567 2978 607 3018 N
640 2982 946 3027 congruerunt
978 2979 1018 3019 V
