2046 3138
38 172 66 223 §
95 172 270 214 36-40
396 190 399 194 ·
549 165 634 212 DE
667 163 920 211 FINIBUS
954 162 1104 210 BON.
1137 161 1216 207 ET
1249 159 1400 206 MAL.
1725 165 1825 215 137

133 305 231 357 sed
269 306 435 357 etiarn
477 318 535 356 se
579 309 787 361 tuetur;
826 316 949 353 cum
992 306 1178 352 autem
1215 303 1507 362 assumpta
1548 297 1690 349 ratio
1726 300 1826 354 est,

132 386 286 432 tanto
328 381 384 430 in
428 379 717 431 dominatu
766 377 994 435 locatur,
1036 381 1097 427 ut
1142 375 1330 427 omnia
1371 373 1466 424 illa
1513 372 1691 436 prima
1731 384 1827 422 na-

132 461 287 506 turae
331 454 496 505 huius
542 453 748 505 tutelae
800 452 1155 503 subiciantur.
1200 450 1387 512 itaque
1435 462 1547 499 non
1594 445 1829 498 discedit
1861 452 1916 494 39

132 529 201 580 ab
236 543 428 580 eorum
465 528 763 586 curatione,
805 527 1006 590 quibus
1042 524 1363 589 praeposita
1399 523 1571 574 vitam
1607 535 1828 572 ornnem

86 620 109 654 5
134 604 297 655 debet
338 603 662 667 gubernare,
706 607 766 653 ut
814 601 1000 652 mirari
1045 600 1180 651 satis
1227 600 1459 650 istorum
1512 598 1829 648 inconstan-

132 679 263 730 tiam
293 692 404 729 non
433 678 660 741 p'ossim.
705 675 1014 727 naturalem
1041 675 1187 726 enim
1219 673 1635 736 appetitionem,
1665 684 1829 733 quam

132 758 334 804 vocant
357 749 548 820 ὁρμήν,
574 752 816 814 itemque
853 749 1123 808 officium,
1155 749 1335 812 ipsam
1371 748 1538 799 etiam
1568 746 1828 797 virtutem

132 832 376 879 tuentem
423 826 620 878 volunt
668 839 791 877 esse
845 839 1034 875 earum
1083 837 1281 881 rerum,
1334 835 1476 886 quae
1524 819 1828 872 secundum

132 907 387 954 naturam
419 907 561 952 sunt.
603 915 726 952 cum
763 905 948 951 autem
978 899 1050 950 ad
1086 911 1363 950 summum
1392 897 1602 948 bonum
1635 893 1832 946 volunt

70 992 110 1028 ιο
134 977 436 1039 pervenire,
476 975 792 1027 transiliunt
832 974 1020 1026 omnia
1063 978 1119 1024 et
1157 972 1270 1023 duo
1311 971 1474 1023 nobis
1513 983 1685 1033 opera
1728 982 1829 1032 pro

133 1065 245 1103 uno
298 1050 630 1114 relinquunt,
683 1055 744 1101 ut
802 1048 913 1100 alia
966 1062 1268 1105 sumamuS,
1325 1046 1436 1096 alia
1487 1049 1830 1108 expetamus,

135 1127 321 1189 potius
362 1140 528 1189 quam
569 1139 681 1175 uno
727 1124 842 1175 fine
882 1129 1177 1186 utrumque
1221 1120 1628 1172 concluderent.
1855 1162 1918 1211 15

205 1200 278 1252 At
317 1201 463 1251 enim
504 1200 615 1250 iam
662 1199 844 1249 dicitis
884 1198 1145 1249 virtutem
1188 1210 1300 1247 non
1340 1209 1508 1258 posse
1554 1193 1829 1250 constitui,
1864 1233 1920 1275 40

136 1276 181 1326 si
223 1289 303 1332 ea,
348 1288 490 1338 quae
537 1279 694 1325 extra
733 1274 994 1324 virtutem
1042 1272 1165 1330 sint,
1207 1270 1279 1322 ad
1325 1270 1486 1321 beate
1526 1267 1830 1320 vivendum

70 1366 113 1402 15
136 1351 461 1413 pertineant.
501 1348 650 1412 quod
678 1353 856 1399 totum
891 1352 1081 1397 contra
1107 1351 1205 1397 est.
1247 1344 1522 1396 introduci
1550 1343 1696 1395 enim
1727 1342 1834 1399 vire

135 1430 224 1476 tus
262 1424 416 1475 nullo
456 1423 625 1475 modo
671 1427 870 1486 potest,
908 1422 1014 1472 nisi
1057 1421 1259 1480 omnia,
1298 1433 1440 1483 quae
1481 1419 1628 1491 leget
1666 1431 1832 1481 quae-

137 1513 242 1562 que
284 1499 484 1557 reiciet,
527 1512 695 1548 unam
758 1496 1066 1548 referentur
1121 1495 1194 1546 ad
1256 1508 1546 1546 summam.
1597 1507 1727 1543 nam
1786 1492 1832 1543 si

135 1573 404 1637 †omnino
443 1571 590 1635 nos†
628 1571 1006 1635 neglegemus,
1062 1571 1117 1620 in
1167 1569 1464 1620 Aristonea
1515 1568 1653 1619 vitia
1701 1567 1833 1617 inci-

138 1648 334 1699 demus
376 1653 430 1699 et
473 1652 700 1710 peccata
749 1645 1252 1707 obliviscemurque
1295 1657 1437 1706 quae
1482 1642 1673 1694 virtuti
1725 1642 1833 1705 ipsi

70 1723 410 1786 zoprincipia
454 1721 797 1777 dederimus;
845 1720 929 1771 sin
979 1733 1047 1770 ea
1090 1732 1202 1770 non
1249 1717 1612 1781 neglegemus
1656 1730 1835 1780 neque

138 1803 319 1848 tamen
358 1796 430 1847 ad
468 1796 640 1846 finem
683 1794 884 1847 summi
920 1794 1051 1845 boni
1091 1792 1411 1851 referemus
1445 1806 1557 1843 non
1598 1791 1834 1843 multum

138 1871 208 1922 ab
243 1870 394 1921 Erilli
430 1870 656 1922 levitate
696 1868 1093 1920 aberrabimus.
1140 1867 1375 1918 duarum
1414 1867 1560 1918 enim
1594 1867 1835 1917 vitarum

138 1946 300 1997 nobis
347 1950 507 1996 erunt
555 1945 810 1995 instituta
863 1942 1149 2006 capienda.
1198 1941 1331 1993 facit
1382 1942 1528 1992 enirn
1575 1941 1668 1992 ille
1722 1940 1834 1992 duo

140 2021 388 2072 seiuncta
427 2019 624 2071 ultima
664 2019 954 2076 bonorum,
1002 2030 1144 2080 quae
1184 2021 1246 2068 ut
1288 2021 1475 2068 essent
1514 2029 1661 2074 vera,
1708 2029 1835 2066 con-

74 2095 295 2158 25iungi
345 2094 678 2150 debuerunt;
728 2106 875 2142 nunc
928 2092 1006 2143 ita
1055 2096 1398 2154 separantur,
1451 2095 1512 2141 ut
1561 2090 1836 2141 disiuncta

219 2268 238 2309 1
275 2271 428 2310 autem
472 2269 560 2318 hijs
604 2269 841 2317 assumpta
883 2267 925 2307 N
1076 2268 1146 2307 est
1189 2266 1302 2306 ratio
1346 2264 1428 2305 BE
1582 2264 1607 2305 5
1649 2266 1837 2305 istorum

146 2329 258 2370 Wes.
306 2330 439 2380 apud
484 2329 608 2370 Mdv.
657 2339 815 2369 eorum
967 2326 995 2367 6
1040 2326 1214 2376 possim
1262 2337 1412 2376 Μαι-9.
1461 2326 1531 2366 ed.
1581 2323 1836 2366 Cratandr.

142 2399 330 2439 possum
362 2388 443 2429 BE
477 2389 710 2438 possimus
741 2386 880 2428 RNV
993 2385 1020 2427 8
1052 2388 1257 2426 tuentem
1283 2397 1372 2426 om.
1405 2384 1488 2426 BE
1513 2381 1590 2436 (cf.
1613 2396 1661 2436 p.
1682 2388 1770 2434 136,
1788 2388 1841 2424 33

140 2460 240 2500 sqq.
275 2451 322 2489 et
348 2461 396 2500 p.
424 2452 511 2498 138,
531 2453 556 2488 4
587 2459 689 2499 sqq.
845 2446 895 2487 11
932 2448 1203 2496 expetamus
1234 2445 1336 2486 Βαί.
1370 2456 1427 2486 ea
1463 2447 1675 2494 petamus
1707 2443 1840 2486 BEV

143 2549 200 2579 ea
233 2511 450 2588 pleltamus
474 2538 512 2579 R
544 2548 699 2579 earum
734 2538 944 2586 petamus
969 2529 1034 2576 N¹
1065 2546 1220 2576 earum
1246 2537 1487 2585 apetamus
1511 2534 1552 2574 N
1559 2526 1576 2552 ²
1670 2532 1724 2574 13
1750 2534 1839 2573 iam

143 2598 294 2638 dicitis
336 2598 374 2639 R
421 2609 528 2638 nam
574 2597 723 2637 dicitis
766 2588 973 2636 BEN²v
1015 2597 1176 2635 natura
1219 2590 1388 2646 (comp.
1431 2590 1542 2643 scr.)
1588 2593 1738 2634 dicitis
1778 2586 1843 2633 N²

145 2655 287 2707 [nam]
323 2657 474 2698 dicitis
498 2657 622 2698 Mdv.
656 2652 739 2705 (an
772 2656 866 2706 fait
896 2656 942 2694 at
973 2655 1210 2695 enimuero
1237 2653 1419 2695 dicitis?
1466 2649 1527 2694 ῐῑέ.
1555 2665 1646 2705 pro
1671 2648 1753 2704 13³6)

147 2717 200 2758 17
233 2717 504 2758 referentem
536 2716 574 2758 R
676 2715 730 2756 18
758 2710 936 2766 ‘potest
959 2715 1025 2755 ad
1048 2715 1172 2755 hanc
1194 2715 1396 2765 formam
1421 2715 1649 2765 scriptum
1673 2714 1842 2765 fuisse:

144 2778 335 2817 omnino
368 2777 525 2817 omnia
557 2778 735 2826 praeter
769 2775 950 2815 animos
982 2774 1106 2824 negl.
1138 2775 1226 2815 aut
1253 2767 1470 2814 similem’
1505 2773 1629 2814 Mdv.
1760 2784 1841 2815 ne-

144 2836 386 2887 glegemus
425 2836 583 2877 Lamb.
624 2835 916 2885 negligemus
954 2833 992 2876 R
1031 2834 1311 2884 negligimus
1349 2832 1532 2874 BENV
1663 2832 1722 2873 20
1759 2844 1843 2874 ne-

146 2895 376 2946 gligemus
407 2895 444 2936 B
478 2895 788 2945 intelligemus
819 2893 854 2934 E
886 2893 1165 2944 negligimus
1196 2893 1284 2935 RN
1292 2892 1334 2934 V
1441 2892 1497 2934 22
1531 2893 1843 2934 aberrabimus

146 2954 240 3055 {vv
254 2956 583 3058 tabgrgnwirnus
712 2953 770 2997 25
806 2954 869 2995 ita
899 2953 950 2995 Ρ.
966 2953 1094 2995 Μαη.
1134 2953 1222 2996 ista
1343 2953 1571 2997 disiuncta
1601 2951 1740 2996 RNV
1770 2963 1843 2995 se-

163 3025 253 3055 unc
273 3026 301 3055 a
