2046 3138
45 135 73 187 ς
102 137 213 179 1-5
544 129 630 176 DE
661 127 914 175 lessus
948 127 1098 175 BON.
1132 127 1210 174 ET
1243 126 1397 174 MAL.
1761 135 1832 186 33

135 273 292 324 facile
326 272 567 336 intellegi
601 272 775 334 possit
809 284 920 330 eOS,
955 271 1048 333 qui
1074 269 1281 333 aliquid
1308 270 1411 321 sibi
1436 268 1609 320 videri
1636 268 1833 328 dicant,

135 363 247 399 non
282 349 433 410 ipsos
476 347 529 396 in
573 359 639 397 ea
679 346 950 396 sententia
991 359 1128 404 esse,
1169 345 1267 395 sed
1308 344 1498 395 audire
1529 343 1673 394 velle
1707 357 1834 395 con-

136 423 309 473 traria.
366 422 481 473 Nos
515 420 863 472 commodius
897 421 1128 483 agimus,
1184 434 1296 471 non
1325 421 1471 471 enim
1498 418 1677 470 solum
1705 418 1834 469 Tor·
1869 431 1894 472 3

138 501 336 560 quatus
378 497 512 546 dixit
552 495 684 559 quid
719 495 954 554 sentiret,
995 495 1093 545 sed
1136 495 1299 545 etiarn
1342 509 1447 546 cur.
1503 507 1608 557 ego
1651 498 1834 544 autem

90 584 113 618 5
138 572 377 631 arbitror,
404 584 741 635 quamquam
768 569 1071 620 admodum
1099 569 1400 620 delectatus
1427 583 1548 619 sum
1576 570 1693 619 eius
1720 581 1836 619 ora-

137 648 286 698 tione
326 651 603 709 perpetua,
644 650 827 696 tamen
870 644 1232 703 commodius,
1274 658 1398 695 curn
1440 645 1494 693 in
1535 643 1697 694 rebus
1731 644 1837 694 sin-

137 721 280 785 gulis
313 722 532 771 insistas
567 725 619 771 et
652 720 939 783 intellegas
969 719 1101 783 quid
1128 720 1362 783 quisque
1389 718 1670 778 concedat,
1704 717 1837 782 quid

138 796 357 856 abnuat,
403 810 468 846 ex
501 795 663 846 rebus
705 795 982 846 concessis
1017 794 1270 845 concludi
1312 794 1462 857 quod
1494 793 1634 844 velis
1674 798 1727 843 et
1767 792 1836 842 ad

140 872 343 922 exitum
379 871 662 934 perveniri.
719 884 843 920 curn
870 870 1016 920 enim
1042 869 1204 920 fertur
1229 869 1387 932 quasi
1414 874 1622 919 torrens
1649 868 1838 926 orati0,

73 957 115 993 ιο
140 947 394 1009 quamvis
435 945 607 995 multa
648 946 914 1008 cuiusque
947 944 1099 995 modi
1138 944 1327 1006 rapiat,
1371 943 1506 993 nihil
1546 948 1731 994 tamen
1765 947 1839 992 te-

139 1035 288 1080 neaS,
329 1020 463 1071 nihil
496 1020 896 1083 apprehendaS,
937 1032 1211 1082 nusquam
1252 1019 1557 1070 orationem
1591 1017 1839 1080 rapidam

141 1099 409 1147 coerceas,

217 1169 410 1221 Omnis
456 1175 639 1220 autem
685 1170 740 1220 in
788 1168 1122 1232 quaerendo,
1176 1182 1319 1232 quae
1362 1168 1454 1218 via
1502 1167 1743 1231 quadam
1789 1172 1842 1218 et

141 1247 350 1297 ratione
391 1245 635 1304 habetur,
677 1245 850 1295 oratio
894 1244 1262 1306 praescribere
1303 1243 1538 1306 primum
1579 1242 1744 1293 debet
1783 1246 1842 1291 ut

75 1332 118 1367 15
142 1320 474 1383 quibusdam
519 1321 573 1369 in
606 1318 852 1370 formulis
891 1333 964 1368 EA
999 1333 1097 1370 RES
1130 1333 1368 1377 AGETUR,
1409 1322 1481 1377 ut,
1523 1318 1659 1367 inter
1700 1330 1841 1380 quos

143 1395 435 1454 disseritur,
469 1395 761 1445 conveniat
787 1393 919 1457 quid
946 1394 1014 1443 sit
1047 1391 1116 1452 id,
1144 1393 1214 1443 de
1240 1407 1351 1455 quo
1379 1392 1686 1443 disseratur.
1736 1391 1843 1442 hoc

143 1471 383 1533 positum
427 1470 481 1519 in
514 1468 763 1520 Phaedro
799 1482 831 1518 a
863 1467 1092 1519 Platone
1134 1467 1387 1531 probavit
1419 1467 1681 1530 Epicurus
1722 1481 1843 1517 sen·

143 1546 322 1608 sitque
355 1545 409 1594 in
437 1545 587 1595 omni
614 1543 986 1606 disputatione
1019 1543 1074 1593 id
1100 1542 1216 1593 fieri
1243 1547 1509 1605 oportere.
1566 1542 1664 1592 sed
1691 1541 1843 1604 quod

144 1621 453 1682 proximum
486 1618 586 1669 fuit
617 1633 730 1669 non
758 1618 909 1668 vidit.
964 1622 1131 1681 negat
1165 1618 1311 1668 enim
1338 1617 1551 1668 definiri
1585 1630 1698 1667 rem
1732 1616 1844 1679 pla-

76 1705 121 1740 20
146 1708 281 1753 cere,
322 1694 440 1745 sine
474 1708 584 1757 quo
618 1693 733 1743 fieri
775 1692 1046 1743 interdum
1080 1706 1193 1743 non
1227 1696 1423 1754 potest,
1463 1697 1522 1742 ut
1562 1692 1699 1742 inter
1732 1705 1844 1751 eOS,

145 1770 238 1833 qui
284 1769 585 1832 ambigunt,
631 1768 925 1818 conveniat
969 1767 1100 1830 quid
1146 1768 1214 1817 sit
1261 1767 1330 1826 id,
1376 1766 1446 1817 de
1486 1781 1597 1830 quo
1639 1771 1844 1831 agatur,

143 1843 294 1893 velut
326 1844 380 1892 in
407 1843 513 1894 hoc
538 1844 676 1906 ipso,
710 1842 780 1893 de
806 1856 916 1906 quo
943 1856 1089 1892 nunc
1114 1841 1475 1904 disputamus,
1531 1842 1845 1906 quaerimus

146 1919 291 1968 enirn
324 1918 492 1968 finem
526 1918 814 1968 bonorum.
873 1931 1243 1979 possumusne
1269 1917 1357 1967 hic
1390 1917 1526 1967 scire
1560 1916 1737 1979 qualis
1764 1917 1845 1975 sit,

145 1994 249 2043 nisi
283 1993 672 2044 contulerimus
707 1993 842 2042 inter
874 2006 993 2051 nOS,
1034 2006 1157 2042 cum
1191 1992 1358 2042 finem
1392 1991 1664 2042 bonorum
1699 1991 1846 2041 dixe-

77 2079 121 2114 25
146 2069 327 2127 rimus,
362 2068 494 2131 quid
527 2067 666 2126 finis,
709 2067 841 2130 quid
877 2067 1040 2117 etiam
1075 2067 1142 2117 sit
1175 2067 1355 2129 ipsum
1390 2067 1637 2117 bonum?
1693 2066 1842 2129 atqui
1878 2065 1903 2105 5

146 2143 283 2193 haec
310 2142 600 2205 patefactio
636 2143 793 2205 quasi
818 2156 996 2192 rerum
1023 2146 1349 2204 opertarum,
1384 2155 1507 2191 cum
1535 2140 1667 2204 quid
1690 2140 1846 2204 quid-

147 2231 254 2280 que
287 2218 355 2267 sit
395 2218 645 2280 aperitur,
688 2216 914 2267 definito
950 2221 1046 2267 est.
1105 2230 1215 2279 qua
1255 2221 1313 2266 tu
1347 2217 1511 2266 etiam
1546 2215 1846 2279 inprudens

147 2292 371 2343 utebare
411 2307 523 2343 non
564 2306 883 2354 numquam.
947 2305 1076 2341 nam
1119 2291 1265 2341 hunc
1305 2291 1486 2354 ipsum
1528 2291 1646 2341 sive
1679 2290 1845 2342 finem

148 2368 265 2418 sive
309 2371 610 2418 extremum
655 2367 772 2417 sive
816 2366 1068 2416 ultimum
1110 2365 1415 2417 definiebas
1456 2365 1511 2416 id
1553 2379 1690 2424 esse,
1735 2380 1847 2429 quo

79 2453 125 2489 30
149 2442 349 2501 omnia,
389 2456 532 2505 quae
564 2446 708 2492 recte
741 2440 946 2500 fierent,
986 2440 1305 2492 referrentur
1344 2454 1527 2504 neque
1569 2441 1623 2490 id
1666 2441 1847 2503 ipsum

149 2530 383 2581 usquam
416 2516 711 2567 referretur.
768 2516 1043 2578 praeclare
1084 2515 1190 2566 hoc
1231 2516 1471 2580 quidem.
1527 2515 1736 2568 bonum
1771 2516 1849 2579 ip-

149 2605 270 2641 sum
305 2592 469 2642 etiam
504 2591 636 2654 quid
671 2596 829 2649 esset,
863 2590 1106 2650 fortasse,
1141 2591 1185 2640 si
1220 2605 1362 2654 opus
1387 2590 1593 2649 fuisset,
1628 2590 1850 2641 definis-

1876 1363 1908 1413 2

1876 1435 1902 1475 4

225 2738 245 2779 1
281 2740 370 2780 sibi
404 2740 579 2790 aliquid
612 2737 794 2789 (aliquit
824 2736 878 2789 E)
911 2739 1055 2780 videri
1087 2738 1170 2780 BE
1203 2739 1379 2790 aliquid
1409 2739 1554 2780 videri
1586 2738 1675 2779 sibi
1707 2737 1749 2779 V

153 2797 202 2838 11
239 2800 551 2849 reprehendas
580 2799 662 2840 BE
785 2799 841 2841 23
875 2799 949 2839 hic
979 2798 1050 2840 Se.
1084 2799 1174 2840 hoc
1207 2798 1396 2841 ARNV
1428 2791 1478 2848 (ii
1509 2799 1580 2840 vel
1610 2796 1640 2838 li
1663 2813 1718 2829 =
1745 2798 1849 2845 hoc,

148 2849 178 2898 h
209 2855 266 2907 [N
296 2870 344 2909 ρ.
371 2863 407 2909 1,
436 2856 473 2908 7]
517 2862 590 2902 vel
625 2853 655 2901 1¹1
689 2857 746 2909 [N
784 2863 850 2909 37,
874 2856 944 2908 30]
979 2874 1035 2890 =
1061 2856 1179 2909 hic);
1219 2859 1307 2900 hac
1346 2857 1429 2899 BE
1603 2858 1753 2908 qualis
1793 2858 1851 2898 sit

151 2916 379 2959 BERNV
411 2919 535 2969 quali
569 2922 674 2960 sunt
706 2913 772 2959 Α1
808 2919 969 2969 quales
1002 2911 1067 2958 Α*
1219 2918 1276 2958 29
1317 2914 1596 2967 definiebas]
1634 2929 1682 2969 p.
1711 2922 1773 2968 13,
1802 2921 1850 2957 14

152 2987 251 3028 sqq.
285 2974 362 3029 (cf.
392 2991 439 3030 p.
464 2984 504 3029 5,
527 2984 580 3020 25
603 2976 754 3031 sqq.),·
787 2983 849 3030 19,
873 2983 899 3019 3
922 2990 1023 3030 sqq.

227 3053 311 3092 Cic.
337 3055 383 3091 43
1524 3052 1550 3093 3
