<?xml version="1.0" encoding="UTF-8"?>
<!DOCTYPE html PUBLIC "-//W3C//DTD XHTML 1.0 Transitional//EN"
    "http://www.w3.org/TR/xhtml1/DTD/xhtml1-transitional.dtd">
<html xmlns="http://www.w3.org/1999/xhtml" xml:lang="en" lang="en">
 <head>
  <title>
</title>
<meta http-equiv="Content-Type" content="text/html;charset=utf-8" />
  <meta name='ocr-system' content='tesseract 3.04.00' />
  <meta name='ocr-capabilities' content='ocr_page ocr_carea ocr_par ocr_line ocrx_word'/>
</head>
<body>
  <div class='ocr_page' id='page_1' title='image "./p1scriptaquaeman13ciceuoft_0090.png"; bbox 0 0 2046 3138; ppageno 0'>
   <div class='ocr_carea' id='block_1_1' title="bbox 124 890 180 932">
    <p class='ocr_par' dir='ltr' id='par_1_1' title="bbox 124 890 180 932">
     <span class='ocr_line' id='line_1_1' title="bbox 124 890 180 932; baseline 0.018 -1"><span class='ocrx_word' id='word_1_1' title='bbox 124 890 180 932; x_wconf 84' lang='lat'><strong>83</strong></span> 
     </span>
    </p>
   </div>
   <div class='ocr_carea' id='block_1_2' title="bbox 123 1705 181 1746">
    <p class='ocr_par' dir='ltr' id='par_1_2' title="bbox 123 1705 181 1746">
     <span class='ocr_line' id='line_1_2' title="bbox 123 1705 181 1746; baseline 0 0"><span class='ocrx_word' id='word_1_2' title='bbox 123 1705 181 1746; x_wconf 85' lang='lat'><strong>84</strong></span> 
     </span>
    </p>
   </div>
   <div class='ocr_carea' id='block_1_3' title="bbox 213 148 1999 208">
    <p class='ocr_par' dir='ltr' id='par_1_3' title="bbox 213 148 1999 208">
     <span class='ocr_line' id='line_1_3' title="bbox 213 148 1999 208; baseline -0.001 -11"><span class='ocrx_word' id='word_1_3' title='bbox 213 159 285 208; x_wconf 87' lang='lat'><strong>70</strong></span> <span class='ocrx_word' id='word_1_4' title='bbox 569 175 572 177; x_wconf 59' lang='lat'>&gt;</span> <span class='ocrx_word' id='word_1_5' title='bbox 630 149 716 194; x_wconf 90' lang='lat' dir='ltr'><strong>DE</strong></span> <span class='ocrx_word' id='word_1_6' title='bbox 748 148 1002 195; x_wconf 90' lang='lat' dir='ltr'>FINIBUS</span> <span class='ocrx_word' id='word_1_7' title='bbox 1035 148 1185 195; x_wconf 92' lang='lat' dir='ltr'><strong>BON.</strong></span> <span class='ocrx_word' id='word_1_8' title='bbox 1218 149 1297 195; x_wconf 91' lang='lat' dir='ltr'><strong>ET</strong></span> <span class='ocrx_word' id='word_1_9' title='bbox 1330 149 1482 195; x_wconf 84' lang='lat' dir='ltr'><strong>MAL.</strong></span> <span class='ocrx_word' id='word_1_10' title='bbox 1612 155 1999 196; x_wconf 85' lang='lat' dir='ltr'><strong>Lib.11c.26—-27</strong></span> 
     </span>
    </p>
   </div>
   <div class='ocr_carea' id='block_1_4' title="bbox 211 289 1977 2283">
    <p class='ocr_par' dir='ltr' id='par_1_4' title="bbox 211 289 1977 2283">
     <span class='ocr_line' id='line_1_4' title="bbox 214 289 1908 354; baseline -0.001 -11"><span class='ocrx_word' id='word_1_11' title='bbox 214 296 416 354; x_wconf 89' lang='lat' dir='ltr'><strong>posset,</strong></span> <span class='ocrx_word' id='word_1_12' title='bbox 460 303 530 340; x_wconf 90' lang='lat' dir='ltr'><strong>ne</strong></span> <span class='ocrx_word' id='word_1_13' title='bbox 574 289 813 339; x_wconf 91' lang='lat' dir='ltr'><strong>iucunde</strong></span> <span class='ocrx_word' id='word_1_14' title='bbox 857 289 1083 351; x_wconf 91' lang='lat' dir='ltr'><strong>quidem</strong></span> <span class='ocrx_word' id='word_1_15' title='bbox 1129 295 1330 351; x_wconf 89' lang='lat' dir='ltr'><strong>posset.</strong></span> <span class='ocrx_word' id='word_1_16' title='bbox 1395 292 1526 340; x_wconf 88' lang='lat' dir='ltr'><strong>satis</strong></span> <span class='ocrx_word' id='word_1_17' title='bbox 1568 296 1649 340; x_wconf 88' lang='lat' dir='ltr'><strong>est</strong></span> <span class='ocrx_word' id='word_1_18' title='bbox 1688 291 1758 340; x_wconf 90' lang='lat' dir='ltr'><strong>ad</strong></span> <span class='ocrx_word' id='word_1_19' title='bbox 1803 291 1908 341; x_wconf 92' lang='lat' dir='ltr'><strong>hoc</strong></span> 
     </span>
     <span class='ocr_line' id='line_1_5' title="bbox 213 363 1906 428; baseline -0.001 -13"><span class='ocrx_word' id='word_1_20' title='bbox 213 379 554 428; x_wconf 87' lang='lat' dir='ltr'><strong>responsum.</strong></span> <span class='ocrx_word' id='word_1_21' title='bbox 579 363 820 413; x_wconf 87' lang='lat' dir='ltr'><strong>Attulisti</strong></span> <span class='ocrx_word' id='word_1_22' title='bbox 839 363 989 413; x_wconf 92' lang='lat' dir='ltr'><strong>aliud</strong></span> <span class='ocrx_word' id='word_1_23' title='bbox 1008 363 1302 414; x_wconf 86' lang='lat' dir='ltr'>humanius</span> <span class='ocrx_word' id='word_1_24' title='bbox 1321 364 1515 414; x_wconf 89' lang='lat' dir='ltr'><strong>horum</strong></span> <span class='ocrx_word' id='word_1_25' title='bbox 1530 366 1906 422; x_wconf 84' lang='lat' dir='ltr'><strong>recentiorum,</strong></span> 
     </span>
     <span class='ocr_line' id='line_1_6' title="bbox 213 438 1908 501; baseline -0.001 -12"><span class='ocrx_word' id='word_1_26' title='bbox 213 452 517 501; x_wconf 85' lang='lat' dir='ltr'>numquam</span> <span class='ocrx_word' id='word_1_27' title='bbox 551 438 756 488; x_wconf 92' lang='lat' dir='ltr'><strong>dictum</strong></span> <span class='ocrx_word' id='word_1_28' title='bbox 781 438 851 488; x_wconf 90' lang='lat' dir='ltr'><strong>ab</strong></span> <span class='ocrx_word' id='word_1_29' title='bbox 879 439 1000 500; x_wconf 92' lang='lat' dir='ltr'><strong>ipso</strong></span> <span class='ocrx_word' id='word_1_30' title='bbox 1028 438 1137 496; x_wconf 89' lang='lat' dir='ltr'><strong>illo,</strong></span> <span class='ocrx_word' id='word_1_31' title='bbox 1171 438 1323 501; x_wconf 92' lang='lat' dir='ltr'><strong>quod</strong></span> <span class='ocrx_word' id='word_1_32' title='bbox 1349 440 1534 497; x_wconf 88' lang='lat' dir='ltr'><strong>sciam,</strong></span> <span class='ocrx_word' id='word_1_33' title='bbox 1569 440 1743 501; x_wconf 89' lang='lat' dir='ltr'><strong>primo</strong></span> <span class='ocrx_word' id='word_1_34' title='bbox 1770 439 1908 489; x_wconf 90' lang='lat' dir='ltr'><strong>utili-</strong></span> 
     </span>
     <span class='ocr_line' id='line_1_7' title="bbox 214 513 1908 574; baseline 0 -11"><span class='ocrx_word' id='word_1_35' title='bbox 214 515 335 563; x_wconf 85' lang='lat' dir='ltr'><strong>tatis</strong></span> <span class='ocrx_word' id='word_1_36' title='bbox 361 526 529 563; x_wconf 90' lang='lat' dir='ltr'><strong>causa</strong></span> <span class='ocrx_word' id='word_1_37' title='bbox 552 514 790 562; x_wconf 91' lang='lat' dir='ltr'><strong>amicum</strong></span> <span class='ocrx_word' id='word_1_38' title='bbox 818 513 1014 574; x_wconf 88' lang='lat' dir='ltr'><strong>expeti,</strong></span> <span class='ocrx_word' id='word_1_39' title='bbox 1047 526 1171 562; x_wconf 91' lang='lat' dir='ltr'><strong>cum</strong></span> <span class='ocrx_word' id='word_1_40' title='bbox 1204 515 1389 563; x_wconf 81' lang='lat' dir='ltr'><strong>autem</strong></span> <span class='ocrx_word' id='word_1_41' title='bbox 1416 527 1549 563; x_wconf 93' lang='lat' dir='ltr'><strong>usus</strong></span> <span class='ocrx_word' id='word_1_42' title='bbox 1574 514 1908 571; x_wconf 83' lang='lat' dir='ltr'><strong>accessisset,</strong></span> 
     </span>
     <span class='ocr_line' id='line_1_8' title="bbox 212 587 1977 650; baseline -0.003 -12"><span class='ocrx_word' id='word_1_43' title='bbox 212 593 327 638; x_wconf 89' lang='lat' dir='ltr'><strong>tum</strong></span> <span class='ocrx_word' id='word_1_44' title='bbox 360 588 542 649; x_wconf 91' lang='lat' dir='ltr'><strong>ipsum</strong></span> <span class='ocrx_word' id='word_1_45' title='bbox 575 587 745 636; x_wconf 90' lang='lat' dir='ltr'><strong>amari</strong></span> <span class='ocrx_word' id='word_1_46' title='bbox 786 600 880 648; x_wconf 90' lang='lat' dir='ltr'><strong>per</strong></span> <span class='ocrx_word' id='word_1_47' title='bbox 921 600 980 636; x_wconf 90' lang='lat' dir='ltr'><strong>se</strong></span> <span class='ocrx_word' id='word_1_48' title='bbox 1023 587 1186 636; x_wconf 88' lang='lat' dir='ltr'><strong>etiam</strong></span> <span class='ocrx_word' id='word_1_49' title='bbox 1220 587 1425 637; x_wconf 91' lang='lat' dir='ltr'><strong>omissa</strong></span> <span class='ocrx_word' id='word_1_50' title='bbox 1465 601 1564 649; x_wconf 89' lang='lat' dir='ltr'><strong>spe</strong></span> <span class='ocrx_word' id='word_1_51' title='bbox 1595 587 1907 650; x_wconf 83' lang='lat' dir='ltr'><strong>voluptatis,</strong></span> <span class='ocrx_word' id='word_1_52' title='bbox 1953 598 1977 633; x_wconf 88' lang='lat'>5</span> 
     </span>
     <span class='ocr_line' id='line_1_9' title="bbox 213 660 1907 723; baseline 0 -12"><span class='ocrx_word' id='word_1_53' title='bbox 213 663 319 713; x_wconf 92' lang='lat' dir='ltr'><strong>hoc</strong></span> <span class='ocrx_word' id='word_1_54' title='bbox 352 663 452 712; x_wconf 88' lang='lat' dir='ltr'><strong>etsi</strong></span> <span class='ocrx_word' id='word_1_55' title='bbox 485 661 823 711; x_wconf 90' lang='lat' dir='ltr'><strong>multimodis</strong></span> <span class='ocrx_word' id='word_1_56' title='bbox 863 660 1187 722; x_wconf 91' lang='lat' dir='ltr'><strong>reprehendi</strong></span> <span class='ocrx_word' id='word_1_57' title='bbox 1229 666 1422 723; x_wconf 90' lang='lat' dir='ltr'><strong>potest,</strong></span> <span class='ocrx_word' id='word_1_58' title='bbox 1463 667 1647 712; x_wconf 87' lang='lat' dir='ltr'><strong>tamen</strong></span> <span class='ocrx_word' id='word_1_59' title='bbox 1681 663 1907 723; x_wconf 91' lang='lat' dir='ltr'><strong>accipio,</strong></span> 
     </span>
     <span class='ocr_line' id='line_1_10' title="bbox 213 735 1906 799; baseline -0.001 -13"><span class='ocrx_word' id='word_1_60' title='bbox 213 736 365 799; x_wconf 93' lang='lat' dir='ltr'><strong>quod</strong></span> <span class='ocrx_word' id='word_1_61' title='bbox 398 735 543 786; x_wconf 88' lang='lat' dir='ltr'><strong>dant.</strong></span> <span class='ocrx_word' id='word_1_62' title='bbox 599 735 732 786; x_wconf 94' lang='lat' dir='ltr'><strong>mihi</strong></span> <span class='ocrx_word' id='word_1_63' title='bbox 766 735 912 785; x_wconf 90' lang='lat' dir='ltr'><strong>enim</strong></span> <span class='ocrx_word' id='word_1_64' title='bbox 945 736 1076 785; x_wconf 90' lang='lat' dir='ltr'><strong>satis</strong></span> <span class='ocrx_word' id='word_1_65' title='bbox 1111 741 1205 793; x_wconf 89' lang='lat' dir='ltr'><strong>est,</strong></span> <span class='ocrx_word' id='word_1_66' title='bbox 1251 736 1383 798; x_wconf 91' lang='lat' dir='ltr'><strong>ipsis</strong></span> <span class='ocrx_word' id='word_1_67' title='bbox 1423 749 1535 786; x_wconf 94' lang='lat' dir='ltr'><strong>non</strong></span> <span class='ocrx_word' id='word_1_68' title='bbox 1570 738 1714 786; x_wconf 84' lang='lat' dir='ltr'><strong>satiS.</strong></span> <span class='ocrx_word' id='word_1_69' title='bbox 1778 750 1906 785; x_wconf 91' lang='lat' dir='ltr'><strong>nam</strong></span> 
     </span>
     <span class='ocr_line' id='line_1_11' title="bbox 213 809 1908 873; baseline 0 -13"><span class='ocrx_word' id='word_1_70' title='bbox 213 810 512 873; x_wconf 91' lang='lat' dir='ltr'><strong>aliquando</strong></span> <span class='ocrx_word' id='word_1_71' title='bbox 547 824 713 872; x_wconf 91' lang='lat' dir='ltr'><strong>posse</strong></span> <span class='ocrx_word' id='word_1_72' title='bbox 746 814 889 859; x_wconf 89' lang='lat' dir='ltr'><strong>recte</strong></span> <span class='ocrx_word' id='word_1_73' title='bbox 921 809 1035 860; x_wconf 79' lang='lat' dir='ltr'><strong>fieri</strong></span> <span class='ocrx_word' id='word_1_74' title='bbox 1070 810 1257 859; x_wconf 90' lang='lat' dir='ltr'><strong>dicunt</strong></span> <span class='ocrx_word' id='word_1_75' title='bbox 1295 809 1447 859; x_wconf 90' lang='lat' dir='ltr'><strong>nulla</strong></span> <span class='ocrx_word' id='word_1_76' title='bbox 1490 815 1774 872; x_wconf 87' lang='lat' dir='ltr'><strong>expectata</strong></span> <span class='ocrx_word' id='word_1_77' title='bbox 1806 824 1908 860; x_wconf 89' lang='lat' dir='ltr'><strong>nec</strong></span> 
     </span>
     <span class='ocr_line' id='line_1_12' title="bbox 214 884 1907 947; baseline 0 -13"><span class='ocrx_word' id='word_1_78' title='bbox 214 885 462 947; x_wconf 90' lang='lat' dir='ltr'><strong>quaesita</strong></span> <span class='ocrx_word' id='word_1_79' title='bbox 492 884 790 946; x_wconf 87' lang='lat' dir='ltr'><strong>voluptate.</strong></span> <span class='ocrx_word' id='word_1_80' title='bbox 846 884 1082 934; x_wconf 89' lang='lat' dir='ltr'><strong>Posuisti</strong></span> <span class='ocrx_word' id='word_1_81' title='bbox 1116 885 1279 934; x_wconf 91' lang='lat' dir='ltr'><strong>etiam</strong></span> <span class='ocrx_word' id='word_1_82' title='bbox 1321 884 1500 935; x_wconf 92' lang='lat' dir='ltr'><strong>dicere</strong></span> <span class='ocrx_word' id='word_1_83' title='bbox 1541 884 1679 935; x_wconf 89' lang='lat' dir='ltr'><strong>alios</strong></span> <span class='ocrx_word' id='word_1_84' title='bbox 1712 884 1907 935; x_wconf 76' lang='lat' dir='ltr'><strong>foedus</strong></span> 
     </span>
     <span class='ocr_line' id='line_1_13' title="bbox 214 958 1977 1022; baseline -0.003 -13"><span class='ocrx_word' id='word_1_85' title='bbox 214 959 497 1022; x_wconf 86' lang='lat' dir='ltr'><strong>quoddam</strong></span> <span class='ocrx_word' id='word_1_86' title='bbox 523 960 659 1008; x_wconf 90' lang='lat' dir='ltr'><strong>inter</strong></span> <span class='ocrx_word' id='word_1_87' title='bbox 682 973 743 1008; x_wconf 92' lang='lat' dir='ltr'><strong>se</strong></span> <span class='ocrx_word' id='word_1_88' title='bbox 768 958 944 1008; x_wconf 79' lang='lat' dir='ltr'><strong>facere</strong></span> <span class='ocrx_word' id='word_1_89' title='bbox 970 959 1247 1020; x_wconf 90' lang='lat' dir='ltr'><strong>sapientis,</strong></span> <span class='ocrx_word' id='word_1_90' title='bbox 1281 963 1353 1016; x_wconf 87' lang='lat' dir='ltr'><strong>ut,</strong></span> <span class='ocrx_word' id='word_1_91' title='bbox 1387 973 1552 1021; x_wconf 90' lang='lat' dir='ltr'><strong>quem</strong></span> <span class='ocrx_word' id='word_1_92' title='bbox 1579 959 1649 1008; x_wconf 91' lang='lat' dir='ltr'><strong>ad</strong></span> <span class='ocrx_word' id='word_1_93' title='bbox 1678 959 1906 1010; x_wconf 91' lang='lat' dir='ltr'><strong>modum</strong></span> <span class='ocrx_word' id='word_1_94' title='bbox 1933 968 1977 1003; x_wconf 85' lang='grc' dir='ltr'><strong>ιο</strong></span> 
     </span>
     <span class='ocr_line' id='line_1_14' title="bbox 213 1032 1906 1096; baseline 0 -14"><span class='ocrx_word' id='word_1_95' title='bbox 213 1035 319 1083; x_wconf 92' lang='lat' dir='ltr'><strong>sint</strong></span> <span class='ocrx_word' id='word_1_96' title='bbox 351 1034 405 1082; x_wconf 91' lang='lat' dir='ltr'><strong>in</strong></span> <span class='ocrx_word' id='word_1_97' title='bbox 431 1047 491 1083; x_wconf 90' lang='lat' dir='ltr'><strong>se</strong></span> <span class='ocrx_word' id='word_1_98' title='bbox 516 1034 668 1095; x_wconf 90' lang='lat' dir='ltr'><strong>ipsos</strong></span> <span class='ocrx_word' id='word_1_99' title='bbox 693 1033 935 1090; x_wconf 89' lang='lat' dir='ltr'><strong>animati,</strong></span> <span class='ocrx_word' id='word_1_100' title='bbox 970 1032 1168 1083; x_wconf 89' lang='lat' dir='ltr'><strong>eodem</strong></span> <span class='ocrx_word' id='word_1_101' title='bbox 1194 1033 1363 1083; x_wconf 92' lang='lat' dir='ltr'><strong>modo</strong></span> <span class='ocrx_word' id='word_1_102' title='bbox 1390 1034 1497 1082; x_wconf 91' lang='lat' dir='ltr'><strong>sint</strong></span> <span class='ocrx_word' id='word_1_103' title='bbox 1523 1047 1651 1096; x_wconf 88' lang='lat' dir='ltr'><strong>erga</strong></span> <span class='ocrx_word' id='word_1_104' title='bbox 1675 1034 1906 1089; x_wconf 79' lang='lat' dir='ltr'><strong>amicos:</strong></span> 
     </span>
     <span class='ocr_line' id='line_1_15' title="bbox 214 1107 1906 1169; baseline -0.001 -12"><span class='ocrx_word' id='word_1_105' title='bbox 214 1108 268 1157; x_wconf 91' lang='lat' dir='ltr'><strong>id</strong></span> <span class='ocrx_word' id='word_1_106' title='bbox 303 1112 355 1158; x_wconf 89' lang='lat' dir='ltr'><strong>et</strong></span> <span class='ocrx_word' id='word_1_107' title='bbox 387 1107 502 1157; x_wconf 81' lang='lat' dir='ltr'><strong>fieri</strong></span> <span class='ocrx_word' id='word_1_108' title='bbox 535 1121 701 1169; x_wconf 89' lang='lat' dir='ltr'><strong>posse</strong></span> <span class='ocrx_word' id='word_1_109' title='bbox 735 1112 788 1157; x_wconf 88' lang='lat' dir='ltr'><strong>et</strong></span> <span class='ocrx_word' id='word_1_110' title='bbox 819 1121 988 1169; x_wconf 89' lang='lat' dir='ltr'><strong>saepe</strong></span> <span class='ocrx_word' id='word_1_111' title='bbox 1022 1121 1144 1157; x_wconf 88' lang='lat' dir='ltr'><strong>esse</strong></span> <span class='ocrx_word' id='word_1_112' title='bbox 1178 1107 1378 1156; x_wconf 81' lang='lat' dir='ltr'><strong>iactum</strong></span> <span class='ocrx_word' id='word_1_113' title='bbox 1414 1112 1466 1157; x_wconf 90' lang='lat' dir='ltr'><strong>et</strong></span> <span class='ocrx_word' id='word_1_114' title='bbox 1498 1107 1568 1156; x_wconf 93' lang='lat' dir='ltr'><strong>ad</strong></span> <span class='ocrx_word' id='word_1_115' title='bbox 1594 1107 1906 1169; x_wconf 89' lang='lat' dir='ltr'><strong>voluptates</strong></span> 
     </span>
     <span class='ocr_line' id='line_1_16' title="bbox 214 1181 1907 1244; baseline 0 -13"><span class='ocrx_word' id='word_1_116' title='bbox 214 1182 592 1244; x_wconf 90' lang='lat' dir='ltr'><strong>percipiendas</strong></span> <span class='ocrx_word' id='word_1_117' title='bbox 637 1183 875 1232; x_wconf 85' lang='lat' dir='ltr'><strong>maxime</strong></span> <span class='ocrx_word' id='word_1_118' title='bbox 920 1183 1200 1244; x_wconf 88' lang='lat' dir='ltr'><strong>pertinere.</strong></span> <span class='ocrx_word' id='word_1_119' title='bbox 1272 1181 1378 1232; x_wconf 91' lang='lat' dir='ltr'><strong>hoc</strong></span> <span class='ocrx_word' id='word_1_120' title='bbox 1418 1181 1614 1231; x_wconf 82' lang='lat' dir='ltr'><strong>foedus</strong></span> <span class='ocrx_word' id='word_1_121' title='bbox 1654 1181 1830 1232; x_wconf 80' lang='lat' dir='ltr'><strong>facere</strong></span> <span class='ocrx_word' id='word_1_122' title='bbox 1863 1183 1907 1231; x_wconf 93' lang='lat' dir='ltr'><strong>si</strong></span> 
     </span>
     <span class='ocr_line' id='line_1_17' title="bbox 214 1255 1908 1318; baseline -0.001 -12"><span class='ocrx_word' id='word_1_123' title='bbox 214 1261 520 1318; x_wconf 89' lang='lat' dir='ltr'><strong>potuerunt,</strong></span> <span class='ocrx_word' id='word_1_124' title='bbox 540 1256 740 1305; x_wconf 78' lang='lat' dir='ltr'><strong>iaciant</strong></span> <span class='ocrx_word' id='word_1_125' title='bbox 758 1257 922 1306; x_wconf 87' lang='lat' dir='ltr'><strong>etiam</strong></span> <span class='ocrx_word' id='word_1_126' title='bbox 947 1255 1095 1314; x_wconf 94' lang='lat' dir='ltr'><strong>illud,</strong></span> <span class='ocrx_word' id='word_1_127' title='bbox 1114 1260 1172 1305; x_wconf 90' lang='lat' dir='ltr'><strong>ut</strong></span> <span class='ocrx_word' id='word_1_128' title='bbox 1190 1256 1538 1318; x_wconf 90' lang='lat' dir='ltr'><strong>aequitatem,</strong></span> <span class='ocrx_word' id='word_1_129' title='bbox 1564 1256 1908 1313; x_wconf 92' lang='lat' dir='ltr'><strong>modestiam,</strong></span> 
     </span>
     <span class='ocr_line' id='line_1_18' title="bbox 211 1330 1976 1393; baseline -0.003 -13"><span class='ocrx_word' id='word_1_130' title='bbox 211 1332 436 1380; x_wconf 89' lang='lat' dir='ltr'><strong>virtutes</strong></span> <span class='ocrx_word' id='word_1_131' title='bbox 470 1343 664 1380; x_wconf 91' lang='lat' dir='ltr'><strong>omnes</strong></span> <span class='ocrx_word' id='word_1_132' title='bbox 698 1344 792 1392; x_wconf 91' lang='lat' dir='ltr'><strong>per</strong></span> <span class='ocrx_word' id='word_1_133' title='bbox 825 1344 884 1380; x_wconf 91' lang='lat' dir='ltr'><strong>se</strong></span> <span class='ocrx_word' id='word_1_134' title='bbox 917 1331 1065 1392; x_wconf 87' lang='lat' dir='ltr'><strong>ipsas</strong></span> <span class='ocrx_word' id='word_1_135' title='bbox 1091 1331 1256 1393; x_wconf 85' lang='lat' dir='ltr'><strong>gratis</strong></span> <span class='ocrx_word' id='word_1_136' title='bbox 1283 1330 1526 1393; x_wconf 87' lang='lat' dir='ltr'><strong>diligant.</strong></span> <span class='ocrx_word' id='word_1_137' title='bbox 1584 1344 1654 1379; x_wconf 92' lang='lat' dir='ltr'><strong>an</strong></span> <span class='ocrx_word' id='word_1_138' title='bbox 1679 1344 1826 1388; x_wconf 90' lang='lat' dir='ltr'><strong>ver0,</strong></span> <span class='ocrx_word' id='word_1_139' title='bbox 1860 1331 1904 1380; x_wconf 91' lang='lat' dir='ltr'><strong>si</strong></span> <span class='ocrx_word' id='word_1_140' title='bbox 1932 1340 1976 1381; x_wconf 87' lang='lat'><strong>15</strong></span> 
     </span>
     <span class='ocr_line' id='line_1_19' title="bbox 213 1404 1908 1455; baseline 0 -1"><span class='ocrx_word' id='word_1_141' title='bbox 213 1404 472 1454; x_wconf 77' lang='lat' dir='ltr'><strong>fructibus</strong></span> <span class='ocrx_word' id='word_1_142' title='bbox 507 1409 559 1454; x_wconf 89' lang='lat' dir='ltr'><strong>et</strong></span> <span class='ocrx_word' id='word_1_143' title='bbox 591 1404 977 1454; x_wconf 89' lang='lat' dir='ltr'><strong>emolumentis</strong></span> <span class='ocrx_word' id='word_1_144' title='bbox 1020 1409 1072 1454; x_wconf 93' lang='lat' dir='ltr'><strong>et</strong></span> <span class='ocrx_word' id='word_1_145' title='bbox 1104 1404 1425 1454; x_wconf 90' lang='lat' dir='ltr'><strong>utilitatibus</strong></span> <span class='ocrx_word' id='word_1_146' title='bbox 1466 1405 1732 1454; x_wconf 91' lang='lat' dir='ltr'><strong>amicitias</strong></span> <span class='ocrx_word' id='word_1_147' title='bbox 1766 1404 1908 1455; x_wconf 92' lang='lat' dir='ltr'><strong>cole-</strong></span> 
     </span>
     <span class='ocr_line' id='line_1_20' title="bbox 213 1478 1907 1541; baseline 0.001 -14"><span class='ocrx_word' id='word_1_148' title='bbox 213 1493 350 1537; x_wconf 89' lang='lat' dir='ltr'><strong>mus,</strong></span> <span class='ocrx_word' id='word_1_149' title='bbox 383 1480 428 1528; x_wconf 94' lang='lat' dir='ltr'><strong>si</strong></span> <span class='ocrx_word' id='word_1_150' title='bbox 461 1478 612 1527; x_wconf 94' lang='lat' dir='ltr'><strong>nulla</strong></span> <span class='ocrx_word' id='word_1_151' title='bbox 644 1479 836 1528; x_wconf 88' lang='lat' dir='ltr'><strong>caritas</strong></span> <span class='ocrx_word' id='word_1_152' title='bbox 870 1479 980 1536; x_wconf 90' lang='lat' dir='ltr'><strong>erit,</strong></span> <span class='ocrx_word' id='word_1_153' title='bbox 1022 1492 1166 1540; x_wconf 87' lang='lat' dir='ltr'><strong>quae</strong></span> <span class='ocrx_word' id='word_1_154' title='bbox 1206 1479 1367 1528; x_wconf 78' lang='lat' dir='ltr'><strong>faciat</strong></span> <span class='ocrx_word' id='word_1_155' title='bbox 1398 1479 1693 1528; x_wconf 90' lang='lat' dir='ltr'><strong>amicitiam</strong></span> <span class='ocrx_word' id='word_1_156' title='bbox 1729 1480 1907 1541; x_wconf 89' lang='lat' dir='ltr'><strong>ipsam</strong></span> 
     </span>
     <span class='ocr_line' id='line_1_21' title="bbox 213 1553 1908 1615; baseline 0 -13"><span class='ocrx_word' id='word_1_157' title='bbox 213 1567 314 1602; x_wconf 92' lang='lat' dir='ltr'><strong>sua</strong></span> <span class='ocrx_word' id='word_1_158' title='bbox 357 1558 570 1615; x_wconf 90' lang='lat' dir='ltr'><strong>sponte,</strong></span> <span class='ocrx_word' id='word_1_159' title='bbox 613 1554 669 1602; x_wconf 95' lang='lat' dir='ltr'><strong>vi</strong></span> <span class='ocrx_word' id='word_1_160' title='bbox 709 1566 824 1610; x_wconf 90' lang='lat' dir='ltr'><strong>sua,</strong></span> <span class='ocrx_word' id='word_1_161' title='bbox 869 1567 935 1602; x_wconf 88' lang='lat' dir='ltr'><strong>ex</strong></span> <span class='ocrx_word' id='word_1_162' title='bbox 975 1566 1035 1602; x_wconf 88' lang='lat' dir='ltr'><strong>se</strong></span> <span class='ocrx_word' id='word_1_163' title='bbox 1077 1557 1129 1602; x_wconf 90' lang='lat' dir='ltr'><strong>et</strong></span> <span class='ocrx_word' id='word_1_164' title='bbox 1170 1557 1387 1615; x_wconf 90' lang='lat' dir='ltr'><strong>propter</strong></span> <span class='ocrx_word' id='word_1_165' title='bbox 1427 1567 1487 1603; x_wconf 93' lang='lat' dir='ltr'><strong>se</strong></span> <span class='ocrx_word' id='word_1_166' title='bbox 1528 1553 1908 1615; x_wconf 88' lang='lat' dir='ltr'><strong>expetendam,</strong></span> 
     </span>
     <span class='ocr_line' id='line_1_22' title="bbox 214 1627 1909 1689; baseline 0.001 -13"><span class='ocrx_word' id='word_1_167' title='bbox 214 1627 442 1677; x_wconf 92' lang='lat' dir='ltr'><strong>dubium</strong></span> <span class='ocrx_word' id='word_1_168' title='bbox 463 1632 558 1685; x_wconf 89' lang='lat' dir='ltr'><strong>est,</strong></span> <span class='ocrx_word' id='word_1_169' title='bbox 585 1628 716 1689; x_wconf 91' lang='lat' dir='ltr'><strong>quin</strong></span> <span class='ocrx_word' id='word_1_170' title='bbox 743 1627 943 1676; x_wconf 80' lang='lat' dir='ltr'><strong>fundos</strong></span> <span class='ocrx_word' id='word_1_171' title='bbox 963 1631 1016 1676; x_wconf 90' lang='lat' dir='ltr'><strong>et</strong></span> <span class='ocrx_word' id='word_1_172' title='bbox 1033 1627 1239 1676; x_wconf 92' lang='lat' dir='ltr'><strong>insulas</strong></span> <span class='ocrx_word' id='word_1_173' title='bbox 1258 1627 1446 1677; x_wconf 90' lang='lat' dir='ltr'><strong>amicis</strong></span> <span class='ocrx_word' id='word_1_174' title='bbox 1465 1629 1909 1689; x_wconf 74' lang='lat' dir='ltr'><strong>anteponamus?</strong></span> 
     </span>
     <span class='ocr_line' id='line_1_23' title="bbox 288 1701 1977 1764; baseline -0.002 -13"><span class='ocrx_word' id='word_1_175' title='bbox 288 1701 435 1752; x_wconf 92' lang='lat' dir='ltr'><strong>Licet</strong></span> <span class='ocrx_word' id='word_1_176' title='bbox 468 1701 555 1751; x_wconf 93' lang='lat' dir='ltr'><strong>hic</strong></span> <span class='ocrx_word' id='word_1_177' title='bbox 587 1715 769 1751; x_wconf 90' lang='lat' dir='ltr'><strong>rursus</strong></span> <span class='ocrx_word' id='word_1_178' title='bbox 805 1715 871 1752; x_wconf 88' lang='lat' dir='ltr'><strong>ea</strong></span> <span class='ocrx_word' id='word_1_179' title='bbox 904 1715 1318 1759; x_wconf 90' lang='lat' dir='ltr'><strong>commemores,</strong></span> <span class='ocrx_word' id='word_1_180' title='bbox 1364 1715 1506 1763; x_wconf 90' lang='lat' dir='ltr'><strong>quae</strong></span> <span class='ocrx_word' id='word_1_181' title='bbox 1540 1702 1759 1764; x_wconf 91' lang='lat' dir='ltr'><strong>optimis</strong></span> <span class='ocrx_word' id='word_1_182' title='bbox 1792 1715 1908 1751; x_wconf 85' lang='lat' dir='ltr'><strong>ver·</strong></span> <span class='ocrx_word' id='word_1_183' title='bbox 1931 1711 1977 1746; x_wconf 81' lang='lat'><strong>20</strong></span> 
     </span>
     <span class='ocr_line' id='line_1_24' title="bbox 213 1775 1906 1838; baseline -0.001 -13"><span class='ocrx_word' id='word_1_184' title='bbox 213 1776 296 1825; x_wconf 91' lang='lat' dir='ltr'><strong>bis</strong></span> <span class='ocrx_word' id='word_1_185' title='bbox 344 1776 415 1825; x_wconf 94' lang='lat' dir='ltr'><strong>ab</strong></span> <span class='ocrx_word' id='word_1_186' title='bbox 463 1775 694 1838; x_wconf 90' lang='lat' dir='ltr'><strong>Epicuro</strong></span> <span class='ocrx_word' id='word_1_187' title='bbox 744 1776 813 1825; x_wconf 91' lang='lat' dir='ltr'><strong>de</strong></span> <span class='ocrx_word' id='word_1_188' title='bbox 860 1775 1024 1825; x_wconf 92' lang='lat' dir='ltr'><strong>laude</strong></span> <span class='ocrx_word' id='word_1_189' title='bbox 1072 1776 1344 1825; x_wconf 90' lang='lat' dir='ltr'><strong>amicitiae</strong></span> <span class='ocrx_word' id='word_1_190' title='bbox 1387 1775 1531 1825; x_wconf 89' lang='lat' dir='ltr'><strong>dicta</strong></span> <span class='ocrx_word' id='word_1_191' title='bbox 1577 1781 1716 1826; x_wconf 88' lang='lat' dir='ltr'><strong>sunt.</strong></span> <span class='ocrx_word' id='word_1_192' title='bbox 1794 1789 1906 1825; x_wconf 89' lang='lat' dir='ltr'><strong>non</strong></span> 
     </span>
     <span class='ocr_line' id='line_1_25' title="bbox 213 1849 1906 1912; baseline -0.001 -13"><span class='ocrx_word' id='word_1_193' title='bbox 213 1863 435 1912; x_wconf 89' lang='lat' dir='ltr'><strong>quaero,</strong></span> <span class='ocrx_word' id='word_1_194' title='bbox 468 1850 600 1912; x_wconf 91' lang='lat' dir='ltr'><strong>quid</strong></span> <span class='ocrx_word' id='word_1_195' title='bbox 627 1850 785 1908; x_wconf 91' lang='lat' dir='ltr'><strong>dicat,</strong></span> <span class='ocrx_word' id='word_1_196' title='bbox 818 1849 916 1899; x_wconf 92' lang='lat' dir='ltr'><strong>sed</strong></span> <span class='ocrx_word' id='word_1_197' title='bbox 943 1849 1075 1911; x_wconf 93' lang='lat' dir='ltr'><strong>quid</strong></span> <span class='ocrx_word' id='word_1_198' title='bbox 1102 1851 1490 1900; x_wconf 92' lang='lat' dir='ltr'><strong>convenienter</strong></span> <span class='ocrx_word' id='word_1_199' title='bbox 1516 1850 1690 1911; x_wconf 92' lang='lat' dir='ltr'><strong>possit</strong></span> <span class='ocrx_word' id='word_1_200' title='bbox 1713 1850 1906 1900; x_wconf 90' lang='lat' dir='ltr'><strong>rationi</strong></span> 
     </span>
     <span class='ocr_line' id='line_1_26' title="bbox 214 1918 1908 1974; baseline 0 -1"><span class='ocrx_word' id='word_1_201' title='bbox 214 1928 267 1974; x_wconf 88' lang='lat' dir='ltr'><strong>et</strong></span> <span class='ocrx_word' id='word_1_202' title='bbox 298 1925 602 1974; x_wconf 90' lang='lat' dir='ltr'><strong>sententiae</strong></span> <span class='ocrx_word' id='word_1_203' title='bbox 635 1937 770 1973; x_wconf 92' lang='lat' dir='ltr'><strong>suae</strong></span> <span class='ocrx_word' id='word_1_204' title='bbox 803 1923 1000 1973; x_wconf 92' lang='lat' dir='ltr'><strong>dicere.</strong></span> <span class='ocrx_word' id='word_1_205' title='bbox 1059 1918 1331 1973; x_wconf 80' lang='lat' dir='ltr'><strong>‘Utilitatis</strong></span> <span class='ocrx_word' id='word_1_206' title='bbox 1366 1937 1533 1973; x_wconf 92' lang='lat' dir='ltr'><strong>causa</strong></span> <span class='ocrx_word' id='word_1_207' title='bbox 1556 1925 1794 1973; x_wconf 89' lang='lat' dir='ltr'><strong>amicitia</strong></span> <span class='ocrx_word' id='word_1_208' title='bbox 1827 1928 1908 1973; x_wconf 88' lang='lat' dir='ltr'><strong>est</strong></span> 
     </span>
     <span class='ocr_line' id='line_1_27' title="bbox 214 1992 1908 2060; baseline -0.001 -13"><span class='ocrx_word' id='word_1_209' title='bbox 214 1992 496 2060; x_wconf 89' lang='lat' dir='ltr'><strong>quaesita.&#39;</strong></span> <span class='ocrx_word' id='word_1_210' title='bbox 554 1997 699 2047; x_wconf 93' lang='lat' dir='ltr'><strong>Num</strong></span> <span class='ocrx_word' id='word_1_211' title='bbox 732 1999 893 2060; x_wconf 89' lang='lat' dir='ltr'><strong>igitur</strong></span> <span class='ocrx_word' id='word_1_212' title='bbox 924 1997 1195 2048; x_wconf 90' lang='lat' dir='ltr'><strong>utiliorem</strong></span> <span class='ocrx_word' id='word_1_213' title='bbox 1229 1998 1325 2047; x_wconf 90' lang='lat' dir='ltr'><strong>tibi</strong></span> <span class='ocrx_word' id='word_1_214' title='bbox 1351 1998 1497 2047; x_wconf 92' lang='lat' dir='ltr'><strong>hunc</strong></span> <span class='ocrx_word' id='word_1_215' title='bbox 1522 1997 1784 2048; x_wconf 90' lang='lat' dir='ltr'><strong>Triarium</strong></span> <span class='ocrx_word' id='word_1_216' title='bbox 1812 2012 1908 2060; x_wconf 93' lang='lat' dir='ltr'><strong>pu-</strong></span> 
     </span>
     <span class='ocr_line' id='line_1_28' title="bbox 213 2071 1976 2135; baseline -0.001 -13"><span class='ocrx_word' id='word_1_217' title='bbox 213 2077 295 2122; x_wconf 88' lang='lat' dir='ltr'><strong>tas</strong></span> <span class='ocrx_word' id='word_1_218' title='bbox 341 2086 464 2123; x_wconf 90' lang='lat' dir='ltr'><strong>esse</strong></span> <span class='ocrx_word' id='word_1_219' title='bbox 509 2086 690 2134; x_wconf 92' lang='lat' dir='ltr'><strong>posse,</strong></span> <span class='ocrx_word' id='word_1_220' title='bbox 739 2085 905 2134; x_wconf 91' lang='lat' dir='ltr'><strong>quam</strong></span> <span class='ocrx_word' id='word_1_221' title='bbox 953 2073 999 2121; x_wconf 93' lang='lat' dir='ltr'><strong>si</strong></span> <span class='ocrx_word' id='word_1_222' title='bbox 1047 2076 1140 2121; x_wconf 90' lang='lat' dir='ltr'><strong>tua</strong></span> <span class='ocrx_word' id='word_1_223' title='bbox 1183 2072 1292 2122; x_wconf 89' lang='lat' dir='ltr'><strong>sint</strong></span> <span class='ocrx_word' id='word_1_224' title='bbox 1334 2071 1574 2122; x_wconf 90' lang='lat' dir='ltr'><strong>Puteolis</strong></span> <span class='ocrx_word' id='word_1_225' title='bbox 1622 2073 1908 2135; x_wconf 76' lang='lat' dir='ltr'><strong>granaria?</strong></span> <span class='ocrx_word' id='word_1_226' title='bbox 1930 2081 1976 2116; x_wconf 62' lang='lat'><strong>25</strong></span> 
     </span>
     <span class='ocr_line' id='line_1_29' title="bbox 212 2140 1905 2210; baseline 0 -14"><span class='ocrx_word' id='word_1_227' title='bbox 212 2146 411 2210; x_wconf 87' lang='lat' dir='ltr'><strong>collige</strong></span> <span class='ocrx_word' id='word_1_228' title='bbox 455 2147 656 2204; x_wconf 92' lang='lat' dir='ltr'><strong>omnia,</strong></span> <span class='ocrx_word' id='word_1_229' title='bbox 707 2160 851 2208; x_wconf 91' lang='lat' dir='ltr'><strong>quae</strong></span> <span class='ocrx_word' id='word_1_230' title='bbox 901 2145 1111 2196; x_wconf 87' lang='lat' dir='ltr'><strong>soletis:</strong></span> <span class='ocrx_word' id='word_1_231' title='bbox 1166 2141 1522 2196; x_wconf 79' lang='lat' dir='ltr'><strong>‘Praesidium</strong></span> <span class='ocrx_word' id='word_1_232' title='bbox 1570 2140 1905 2197; x_wconf 90' lang='lat' dir='ltr'><strong>amicorum.&#39;</strong></span> 
     </span>
     <span class='ocr_line' id='line_1_30' title="bbox 214 2219 1905 2283; baseline 0 -13"><span class='ocrx_word' id='word_1_233' title='bbox 214 2219 357 2270; x_wconf 88' lang='lat' dir='ltr'><strong>Satis</strong></span> <span class='ocrx_word' id='word_1_234' title='bbox 391 2225 473 2271; x_wconf 90' lang='lat' dir='ltr'><strong>est</strong></span> <span class='ocrx_word' id='word_1_235' title='bbox 496 2220 592 2270; x_wconf 90' lang='lat' dir='ltr'><strong>tibi</strong></span> <span class='ocrx_word' id='word_1_236' title='bbox 618 2221 672 2270; x_wconf 94' lang='lat' dir='ltr'><strong>in</strong></span> <span class='ocrx_word' id='word_1_237' title='bbox 698 2225 766 2278; x_wconf 88' lang='lat' dir='ltr'><strong>te,</strong></span> <span class='ocrx_word' id='word_1_238' title='bbox 798 2221 930 2270; x_wconf 90' lang='lat' dir='ltr'><strong>satis</strong></span> <span class='ocrx_word' id='word_1_239' title='bbox 955 2221 1010 2270; x_wconf 93' lang='lat' dir='ltr'><strong>in</strong></span> <span class='ocrx_word' id='word_1_240' title='bbox 1036 2220 1267 2283; x_wconf 80' lang='lat' dir='ltr'><strong>legibuS,</strong></span> <span class='ocrx_word' id='word_1_241' title='bbox 1300 2222 1430 2270; x_wconf 89' lang='lat' dir='ltr'><strong>satis</strong></span> <span class='ocrx_word' id='word_1_242' title='bbox 1457 2222 1511 2270; x_wconf 93' lang='lat' dir='ltr'><strong>in</strong></span> <span class='ocrx_word' id='word_1_243' title='bbox 1537 2220 1905 2270; x_wconf 92' lang='lat' dir='ltr'><strong>mediocribus</strong></span> 
     </span>
    </p>
   </div>
   <div class='ocr_carea' id='block_1_5' title="bbox 291 2430 1905 2491">
    <p class='ocr_par' dir='ltr' id='par_1_5' title="bbox 291 2430 1905 2491">
     <span class='ocr_line' id='line_1_31' title="bbox 291 2430 1905 2491; baseline 0.002 -12"><span class='ocrx_word' id='word_1_244' title='bbox 291 2440 310 2480; x_wconf 94' lang='lat'>1</span> <span class='ocrx_word' id='word_1_245' title='bbox 348 2451 408 2480; x_wconf 92' lang='lat' dir='ltr'><strong>ne</strong></span> <span class='ocrx_word' id='word_1_246' title='bbox 431 2441 555 2480; x_wconf 79' lang='lat' dir='ltr'><strong>Mdv.</strong></span> <span class='ocrx_word' id='word_1_247' title='bbox 578 2452 664 2481; x_wconf 93' lang='lat' dir='ltr'><strong>nec</strong></span> <span class='ocrx_word' id='word_1_248' title='bbox 756 2452 816 2482; x_wconf 91' lang='lat' dir='ltr'><strong>ne</strong></span> <span class='ocrx_word' id='word_1_249' title='bbox 840 2442 1041 2482; x_wconf 91' lang='lat' dir='ltr'><strong>iucunde</strong></span> <span class='ocrx_word' id='word_1_250' title='bbox 1067 2442 1253 2491; x_wconf 89' lang='lat' dir='ltr'><strong>quidem</strong></span> <span class='ocrx_word' id='word_1_251' title='bbox 1281 2445 1440 2491; x_wconf 91' lang='lat' dir='ltr'><strong>posset</strong></span> <span class='ocrx_word' id='word_1_252' title='bbox 1463 2453 1552 2482; x_wconf 90' lang='lat' dir='ltr'><strong>om.</strong></span> <span class='ocrx_word' id='word_1_253' title='bbox 1580 2441 1617 2481; x_wconf 89' lang='lat' dir='ltr'>B</span> <span class='ocrx_word' id='word_1_254' title='bbox 1643 2430 1645 2432; x_wconf 38' lang='lat'>¹</span> <span class='ocrx_word' id='word_1_255' title='bbox 1705 2441 1730 2481; x_wconf 91' lang='lat'><strong>2</strong></span> <span class='ocrx_word' id='word_1_256' title='bbox 1764 2439 1905 2490; x_wconf 89' lang='lat' dir='ltr'><strong>aliud]</strong></span> 
     </span>
    </p>
   </div>
   <div class='ocr_carea' id='block_1_6' title="bbox 210 2500 1907 2905">
    <p class='ocr_par' dir='ltr' id='par_1_6' title="bbox 210 2500 1907 2905">
     <span class='ocr_line' id='line_1_32' title="bbox 210 2500 1907 2551; baseline 0 -10"><span class='ocrx_word' id='word_1_257' title='bbox 210 2503 499 2550; x_wconf 80' lang='lat' dir='ltr'><strong>p.30,5sqq.</strong></span> <span class='ocrx_word' id='word_1_258' title='bbox 637 2501 798 2543; x_wconf 91' lang='lat' dir='ltr'><strong>horum</strong></span> <span class='ocrx_word' id='word_1_259' title='bbox 906 2501 1048 2541; x_wconf 89' lang='lat' dir='ltr'><strong>sciam</strong></span> <span class='ocrx_word' id='word_1_260' title='bbox 1080 2500 1199 2541; x_wconf 88' lang='lat' dir='ltr'><strong>Non.</strong></span> <span class='ocrx_word' id='word_1_261' title='bbox 1230 2513 1277 2551; x_wconf 87' lang='lat' dir='ltr'><strong>p.</strong></span> <span class='ocrx_word' id='word_1_262' title='bbox 1298 2505 1375 2541; x_wconf 88' lang='grc'><strong>167</strong></span> <span class='ocrx_word' id='word_1_263' title='bbox 1517 2501 1544 2542; x_wconf 90' lang='grc'>3</span> <span class='ocrx_word' id='word_1_264' title='bbox 1577 2501 1654 2541; x_wconf 89' lang='lat' dir='ltr'><strong>illo</strong></span> <span class='ocrx_word' id='word_1_265' title='bbox 1689 2501 1791 2550; x_wconf 90' lang='lat' dir='ltr'><strong>ipso</strong></span> <span class='ocrx_word' id='word_1_266' title='bbox 1824 2500 1907 2541; x_wconf 87' lang='lat' dir='ltr'><strong>BE</strong></span> 
     </span>
     <span class='ocr_line' id='line_1_33' title="bbox 212 2554 1907 2611; baseline 0 -12"><span class='ocrx_word' id='word_1_267' title='bbox 212 2559 291 2599; x_wconf 90' lang='lat' dir='ltr'><strong>illo</strong></span> <span class='ocrx_word' id='word_1_268' title='bbox 324 2554 433 2607; x_wconf 91' lang='lat' dir='ltr'><strong>(om.</strong></span> <span class='ocrx_word' id='word_1_269' title='bbox 466 2555 591 2608; x_wconf 89' lang='lat' dir='ltr'><strong>ipso)</strong></span> <span class='ocrx_word' id='word_1_270' title='bbox 623 2558 742 2600; x_wconf 87' lang='lat' dir='ltr'><strong>Non.</strong></span> <span class='ocrx_word' id='word_1_271' title='bbox 874 2559 900 2599; x_wconf 89' lang='lat'><strong>5</strong></span> <span class='ocrx_word' id='word_1_272' title='bbox 932 2557 1197 2609; x_wconf 88' lang='lat' dir='ltr'><strong>voluptatis]</strong></span> <span class='ocrx_word' id='word_1_273' title='bbox 1231 2560 1437 2600; x_wconf 87' lang='lat' dir='ltr'><strong>utilitatis</strong></span> <span class='ocrx_word' id='word_1_274' title='bbox 1467 2559 1530 2606; x_wconf 85' lang='lat' dir='ltr'><strong>V;</strong></span> <span class='ocrx_word' id='word_1_275' title='bbox 1571 2561 1618 2600; x_wconf 84' lang='lat' dir='ltr'><strong>in</strong></span> <span class='ocrx_word' id='word_1_276' title='bbox 1652 2572 1800 2611; x_wconf 77' lang='lat' dir='ltr'><strong>mat-9.</strong></span> <span class='ocrx_word' id='word_1_277' title='bbox 1834 2560 1907 2600; x_wconf 90' lang='lat' dir='ltr'><strong>vel</strong></span> 
     </span>
     <span class='ocr_line' id='line_1_34' title="bbox 212 2611 1906 2668; baseline 0 -9"><span class='ocrx_word' id='word_1_278' title='bbox 212 2618 417 2659; x_wconf 87' lang='lat' dir='ltr'><strong>utilitatis</strong></span> <span class='ocrx_word' id='word_1_279' title='bbox 448 2619 560 2659; x_wconf 87' lang='lat' dir='ltr'><strong>add.</strong></span> <span class='ocrx_word' id='word_1_280' title='bbox 592 2611 659 2658; x_wconf 74' lang='lat' dir='ltr'><strong>A²</strong></span> <span class='ocrx_word' id='word_1_281' title='bbox 770 2618 798 2658; x_wconf 87' lang='grc'><strong>6</strong></span> <span class='ocrx_word' id='word_1_282' title='bbox 829 2618 986 2659; x_wconf 89' lang='lat' dir='ltr'><strong>multis</strong></span> <span class='ocrx_word' id='word_1_283' title='bbox 1017 2619 1166 2661; x_wconf 90' lang='lat' dir='ltr'><strong>modis</strong></span> <span class='ocrx_word' id='word_1_284' title='bbox 1197 2619 1288 2660; x_wconf 91' lang='lat' dir='ltr'><strong>NV</strong></span> <span class='ocrx_word' id='word_1_285' title='bbox 1395 2619 1420 2659; x_wconf 94' lang='grc'><strong>7</strong></span> <span class='ocrx_word' id='word_1_286' title='bbox 1455 2620 1532 2662; x_wconf 88' lang='lat' dir='ltr'><strong>dat</strong></span> <span class='ocrx_word' id='word_1_287' title='bbox 1562 2619 1600 2660; x_wconf 85' lang='lat' dir='ltr'>R</span> <span class='ocrx_word' id='word_1_288' title='bbox 1704 2618 1732 2658; x_wconf 83' lang='lat'>9</span> <span class='ocrx_word' id='word_1_289' title='bbox 1765 2630 1906 2668; x_wconf 86' lang='lat' dir='ltr'><strong>quae-</strong></span> 
     </span>
     <span class='ocr_line' id='line_1_35' title="bbox 212 2674 1906 2729; baseline -0.001 -10"><span class='ocrx_word' id='word_1_290' title='bbox 212 2674 317 2726; x_wconf 80' lang='lat' dir='ltr'><strong>sita]</strong></span> <span class='ocrx_word' id='word_1_291' title='bbox 349 2678 579 2726; x_wconf 85' lang='lat' dir='ltr'><strong>exquisita</strong></span> <span class='ocrx_word' id='word_1_292' title='bbox 609 2676 691 2717; x_wconf 92' lang='lat' dir='ltr'><strong>BE</strong></span> <span class='ocrx_word' id='word_1_293' title='bbox 824 2679 1019 2726; x_wconf 88' lang='lat' dir='ltr'><strong>posuisti</strong></span> <span class='ocrx_word' id='word_1_294' title='bbox 1050 2675 1206 2727; x_wconf 87' lang='lat' dir='ltr'><strong>etiam]</strong></span> <span class='ocrx_word' id='word_1_295' title='bbox 1237 2690 1284 2729; x_wconf 85' lang='lat' dir='ltr'><strong>p.</strong></span> <span class='ocrx_word' id='word_1_296' title='bbox 1309 2682 1374 2727; x_wconf 89' lang='grc'><strong>30,</strong></span> <span class='ocrx_word' id='word_1_297' title='bbox 1404 2683 1453 2719; x_wconf 89' lang='lat'><strong>18</strong></span> <span class='ocrx_word' id='word_1_298' title='bbox 1476 2690 1577 2729; x_wconf 83' lang='lat' dir='ltr'><strong>sqq.</strong></span> <span class='ocrx_word' id='word_1_299' title='bbox 1718 2677 1771 2719; x_wconf 89' lang='grc'><strong>13</strong></span> <span class='ocrx_word' id='word_1_300' title='bbox 1806 2689 1906 2727; x_wconf 75' lang='grc' dir='ltr'>ρει·-</span> 
     </span>
     <span class='ocr_line' id='line_1_36' title="bbox 213 2734 1904 2786; baseline 0.001 -10"><span class='ocrx_word' id='word_1_301' title='bbox 213 2736 479 2786; x_wconf 80' lang='lat' dir='ltr'><strong>spiciendas</strong></span> <span class='ocrx_word' id='word_1_302' title='bbox 517 2735 699 2777; x_wconf 85' lang='lat' dir='ltr'>ABER</span> <span class='ocrx_word' id='word_1_303' title='bbox 868 2737 922 2777; x_wconf 90' lang='lat'><strong>15</strong></span> <span class='ocrx_word' id='word_1_304' title='bbox 962 2748 1022 2778; x_wconf 91' lang='lat' dir='ltr'><strong>an</strong></span> <span class='ocrx_word' id='word_1_305' title='bbox 1053 2736 1134 2777; x_wconf 86' lang='lat' dir='ltr'><strong>BE</strong></span> <span class='ocrx_word' id='word_1_306' title='bbox 1166 2740 1212 2777; x_wconf 90' lang='lat' dir='ltr'><strong>at</strong></span> <span class='ocrx_word' id='word_1_307' title='bbox 1362 2737 1419 2778; x_wconf 91' lang='grc'><strong>20</strong></span> <span class='ocrx_word' id='word_1_308' title='bbox 1458 2749 1516 2778; x_wconf 91' lang='lat' dir='ltr'><strong>ea</strong></span> <span class='ocrx_word' id='word_1_309' title='bbox 1554 2734 1904 2785; x_wconf 86' lang='lat' dir='ltr'><strong>commemores]</strong></span> 
     </span>
     <span class='ocr_line' id='line_1_37' title="bbox 210 2791 1905 2846; baseline -0.001 -10"><span class='ocrx_word' id='word_1_310' title='bbox 210 2807 258 2845; x_wconf 86' lang='grc' dir='ltr'><strong>ρ.</strong></span> <span class='ocrx_word' id='word_1_311' title='bbox 274 2799 340 2844; x_wconf 84' lang='grc'><strong>28,</strong></span> <span class='ocrx_word' id='word_1_312' title='bbox 359 2799 409 2835; x_wconf 86' lang='lat'><strong>19</strong></span> <span class='ocrx_word' id='word_1_313' title='bbox 424 2806 524 2846; x_wconf 83' lang='lat' dir='ltr'><strong>sqq.</strong></span> <span class='ocrx_word' id='word_1_314' title='bbox 640 2795 697 2836; x_wconf 87' lang='lat'><strong>22</strong></span> <span class='ocrx_word' id='word_1_315' title='bbox 730 2796 894 2836; x_wconf 90' lang='lat' dir='ltr'><strong>rationi</strong></span> <span class='ocrx_word' id='word_1_316' title='bbox 927 2797 1074 2845; x_wconf 89' lang='lat' dir='ltr'><strong>possit</strong></span> <span class='ocrx_word' id='word_1_317' title='bbox 1104 2796 1142 2837; x_wconf 87' lang='lat' dir='ltr'>R</span> <span class='ocrx_word' id='word_1_318' title='bbox 1249 2796 1305 2838; x_wconf 88' lang='grc'><strong>23</strong></span> <span class='ocrx_word' id='word_1_319' title='bbox 1339 2800 1408 2837; x_wconf 90' lang='lat' dir='ltr'><strong>est</strong></span> <span class='ocrx_word' id='word_1_320' title='bbox 1441 2797 1652 2846; x_wconf 90' lang='lat' dir='ltr'><strong>quaesita</strong></span> <span class='ocrx_word' id='word_1_321' title='bbox 1683 2791 1905 2845; x_wconf 86' lang='lat' dir='ltr'><strong>(quesita)</strong></span> 
     </span>
     <span class='ocr_line' id='line_1_38' title="bbox 213 2847 1907 2905; baseline 0 -10"><span class='ocrx_word' id='word_1_322' title='bbox 213 2847 438 2895; x_wconf 80' lang='lat' dir='ltr'><strong>ARN²V</strong></span> <span class='ocrx_word' id='word_1_323' title='bbox 477 2857 547 2895; x_wconf 88' lang='lat' dir='ltr'><strong>est</strong></span> <span class='ocrx_word' id='word_1_324' title='bbox 578 2856 789 2904; x_wconf 86' lang='lat' dir='ltr'><strong>quaesita</strong></span> <span class='ocrx_word' id='word_1_325' title='bbox 820 2858 890 2896; x_wconf 89' lang='lat' dir='ltr'><strong>est</strong></span> <span class='ocrx_word' id='word_1_326' title='bbox 921 2855 962 2895; x_wconf 91' lang='lat' dir='ltr'>N</span> <span class='ocrx_word' id='word_1_327' title='bbox 972 2849 986 2873; x_wconf 78' lang='lat'><em>¹</em></span> <span class='ocrx_word' id='word_1_328' title='bbox 1024 2856 1205 2905; x_wconf 89' lang='lat' dir='ltr'><strong>quesita</strong></span> <span class='ocrx_word' id='word_1_329' title='bbox 1243 2859 1314 2896; x_wconf 91' lang='lat' dir='ltr'><strong>est</strong></span> <span class='ocrx_word' id='word_1_330' title='bbox 1344 2855 1427 2896; x_wconf 88' lang='lat' dir='ltr'><strong>BE</strong></span> <span class='ocrx_word' id='word_1_331' title='bbox 1462 2863 1464 2865; x_wconf 84' lang='grc'><strong><em>·</em></strong></span> <span class='ocrx_word' id='word_1_332' title='bbox 1592 2854 1648 2895; x_wconf 87' lang='grc'><strong>25</strong></span> <span class='ocrx_word' id='word_1_333' title='bbox 1687 2866 1907 2904; x_wconf 86' lang='lat' dir='ltr'><strong>gramana</strong></span> 
     </span>
    </p>
   </div>
   <div class='ocr_carea' id='block_1_7' title="bbox 213 2907 1905 3024">
    <p class='ocr_par' dir='ltr' id='par_1_7' title="bbox 213 2907 1905 3024">
     <span class='ocr_line' id='line_1_39' title="bbox 213 2907 1905 2965; baseline 0.001 -12"><span class='ocrx_word' id='word_1_334' title='bbox 213 2907 468 2954; x_wconf 84' lang='lat' dir='ltr'>ABERN¹</span> <span class='ocrx_word' id='word_1_335' title='bbox 506 2914 714 2963; x_wconf 86' lang='lat' dir='ltr'><strong>gramina</strong></span> <span class='ocrx_word' id='word_1_336' title='bbox 737 2913 792 2960; x_wconf 86' lang='lat' dir='ltr'><strong>V,</strong></span> <span class='ocrx_word' id='word_1_337' title='bbox 824 2907 889 2954; x_wconf 79' lang='lat' dir='ltr'><strong>N²</strong></span> <span class='ocrx_word' id='word_1_338' title='bbox 919 2910 1022 2964; x_wconf 84' lang='lat' dir='ltr'><strong>(ubi</strong></span> <span class='ocrx_word' id='word_1_339' title='bbox 1052 2926 1082 2955; x_wconf 89' lang='lat' dir='ltr'><strong>a</strong></span> <span class='ocrx_word' id='word_1_340' title='bbox 1111 2926 1235 2956; x_wconf 87' lang='lat' dir='ltr'><strong>man.</strong></span> <span class='ocrx_word' id='word_1_341' title='bbox 1258 2917 1434 2965; x_wconf 80' lang='lat' dir='ltr'><strong>poster.</strong></span> <span class='ocrx_word' id='word_1_342' title='bbox 1460 2916 1614 2955; x_wconf 84' lang='lat' dir='ltr'><strong>adscr.</strong></span> <span class='ocrx_word' id='word_1_343' title='bbox 1640 2916 1713 2955; x_wconf 79' lang='lat' dir='ltr'><strong>est</strong></span> <span class='ocrx_word' id='word_1_344' title='bbox 1742 2925 1905 2964; x_wconf 86' lang='lat' dir='ltr'><strong>grana-</strong></span> 
     </span>
     <span class='ocr_line' id='line_1_40' title="bbox 215 2970 1172 3024; baseline 0.002 -13"><span class='ocrx_word' id='word_1_345' title='bbox 215 2972 281 3012; x_wconf 87' lang='lat' dir='ltr'><strong>ria</strong></span> <span class='ocrx_word' id='word_1_346' title='bbox 311 2970 443 3022; x_wconf 90' lang='lat' dir='ltr'><strong>puto)</strong></span> <span class='ocrx_word' id='word_1_347' title='bbox 567 2972 625 3012; x_wconf 83' lang='lat'><strong>26</strong></span> <span class='ocrx_word' id='word_1_348' title='bbox 657 2970 954 3022; x_wconf 85' lang='lat' dir='ltr'><strong>praesidium]</strong></span> <span class='ocrx_word' id='word_1_349' title='bbox 984 2985 1031 3024; x_wconf 75' lang='lat' dir='ltr'><strong>p,</strong></span> <span class='ocrx_word' id='word_1_350' title='bbox 1056 2977 1122 3022; x_wconf 87' lang='lat'><strong>30,</strong></span> <span class='ocrx_word' id='word_1_351' title='bbox 1146 2977 1172 3013; x_wconf 88' lang='lat'><strong><em>3</em></strong></span> 
     </span>
    </p>
   </div>
  </div>
 </body>
</html>
