2046 3138
38 165 67 217 ξ
93 167 269 209 47—50
431 224 433 227 ι
548 162 634 207 DE
667 160 920 208 FINIBUS
955 160 1103 207 BON.
1138 160 1215 206 ET
1249 159 1401 206 MAL.
1725 167 1821 218 181

131 306 233 359 tur,
280 306 340 352 ut
386 300 639 352 homines
684 299 756 350 ad
802 313 992 351 earum
1042 313 1178 351 saxa
1224 299 1473 351 discendi
1521 298 1825 362 cupiditate

130 375 603 426 adhaerescerent.
640 374 718 425 ita
744 374 890 425 enim
918 374 1155 426 invitant
1179 373 1397 426 Ulixem
1427 401 1490 410 —·
1514 387 1643 424 nam
1668 373 1823 431 verti,

130 455 190 501 ut
227 449 500 513 quaedam
539 448 779 506 Homeri,
818 449 897 499 sic
930 449 1097 500 istum
1136 449 1319 512 ipsum
1356 448 1538 499 locum
1576 463 1664 498 -ε

202 553 249 604 O
288 554 457 605 decus
492 553 831 618 Argolicum,
870 553 1000 617 quin
1038 554 1270 617 puppim
1309 553 1506 612 flectiS,
1541 552 1747 612 Ulixes,

85 643 107 676 5
201 628 445 679 Auribus
476 633 537 679 ut
568 634 792 679 nostros
824 629 1008 691 possis
1040 641 1343 692 agnoscere
1377 629 1600 679 cantus!

204 701 345 753 Nam
389 715 552 754 nemo
596 701 734 753 haec
774 716 1040 765 umquam
1082 707 1167 754 est
1210 708 1558 754 transvectus
1603 701 1823 753 caerula

1452 794 1632 838 cursu,

203 853 347 910 Quin
386 855 540 918 prius
579 854 855 906 adstiterit
890 868 1091 906 vocum
1130 854 1423 906 dulcedine
1462 859 1673 918 captus,

202 928 335 980 Post
371 929 541 979 variis
581 929 750 980 avido
789 929 1024 981 satiatus
1062 935 1284 992 pectore
1323 930 1498 980 musis

65 1014 106 1049 10
202 1002 430 1054 Doctior
463 1003 534 1053 ad
572 1004 781 1066 patrias
815 1003 1008 1067 lapsus
1043 1004 1355 1067 pervenerit
1389 1017 1533 1055 oras,

202 1076 319 1128 Nos
349 1091 522 1141 grave
554 1083 830 1129 certamen
860 1077 991 1129 belli
1023 1078 1347 1141 clademque
1380 1083 1647 1136 tenemuS,

201 1151 434 1203 Graecia
465 1166 630 1215 quarn
663 1151 860 1204 Troiae
892 1153 1082 1203 divino
1112 1153 1337 1203 numine
1367 1153 1533 1211 vexit,

202 1225 512 1290 Omniaque
545 1240 575 1278 e
609 1226 736 1278 latis
769 1241 951 1278 rerum
983 1227 1223 1290 vestigia
1257 1227 1430 1278 terris

200 1330 354 1382 Vidit
388 1330 664 1383 Homerus
702 1332 925 1395 probari
962 1331 1212 1383 fabulam
1247 1346 1359 1383 non
1398 1345 1580 1395 posse,
1617 1331 1663 1382 si
1699 1345 1825 1382 can·

64 1418 106 1453 15
129 1405 389 1457 tiunculis
418 1411 606 1457 tantus
635 1406 878 1458 irretitus
906 1407 990 1457 vir
1017 1411 1318 1465 teneretur;
1349 1407 1635 1457 scientiam
1664 1406 1825 1469 polli-

129 1485 333 1539 centur,
364 1494 529 1544 quam
559 1494 671 1532 non
701 1486 817 1532 erat
844 1482 1044 1531 mirum
1076 1481 1382 1544 sapientiae
1412 1480 1615 1543 cupido
1645 1481 1825 1544 patria

129 1571 252 1609 esse
292 1559 575 1610 cariorem.

200 1632 382 1696 Atque
416 1634 604 1685 omnia
638 1633 862 1697 quidem
897 1635 1050 1692 scire,
1083 1634 1479 1697 cuiuscumque
1513 1632 1666 1684 modi
1700 1633 1823 1691 sint,

130 1721 329 1771 cupere
379 1708 739 1767 curiosorum,
790 1708 917 1759 duci
962 1722 1096 1759 vero
1143 1709 1417 1759 maiorum
1466 1721 1648 1758 rerum
1697 1721 1825 1758 con-

62 1781 489 1845 zotemplatione
531 1782 604 1833 ad
648 1783 1009 1846 cupiditatem
1052 1783 1314 1834 scientiae
1356 1796 1700 1834 summorum
1742 1781 1914 1872 vi-19

129 1870 315 1907 rorum
349 1862 434 1908 est
468 1857 796 1920 putandum.
831 1871 994 1920 quem
1027 1858 1173 1908 enim
1208 1857 1465 1908 ardorem
1499 1856 1669 1908 studii
1703 1870 1826 1908 cen·
1857 1894 1914 1935 50

129 1931 261 1982 setis
286 1930 462 1983 fuisse
487 1932 542 1982 in
565 1931 911 1990 Archimede,
937 1932 1030 1995 qui
1057 1931 1188 1982 dum
1212 1932 1267 1982 in
1292 1931 1520 1995 pulvere
1547 1931 1822 1994 quaedam

129 2005 390 2069 describit
422 2007 703 2065 attentiuS,
738 2020 807 2057 ne
842 2006 1078 2070 patriam
1113 2002 1409 2072 (quidem)
1445 2011 1664 2070 captam
1698 2019 1822 2058 esse

129 2081 400 2131 senserit?
448 2086 716 2144 quantum
754 2080 1070 2132 Aristoxeni
1108 2081 1393 2144 ingenium
1430 2085 1822 2144 consumptum

60 2154 384 2205 25videmus
420 2155 475 2217 in
512 2155 779 2206 musicis?
825 2169 934 2219 quo
971 2154 1158 2206 studio
1194 2154 1626 2218 Aristophanem
1663 2160 1823 2218 puta-

127 2244 252 2280 mus
286 2235 524 2281 aetatem
559 2230 615 2280 in
649 2229 845 2280 litteris
880 2229 1147 2280 duxisse?
1193 2229 1326 2293 quid
1361 2229 1430 2280 de
1464 2229 1822 2294 Pythagora?

128 2303 258 2366 quid
299 2303 368 2354 de
406 2303 637 2355 Platone
672 2309 769 2355 aut
805 2304 874 2354 de
912 2303 1229 2355 Democrito
1266 2303 1502 2367 loquar?
1548 2318 1582 2354 a
1619 2304 1821 2367 quibus

128 2383 354 2442 propter
395 2378 643 2429 discendi
686 2378 1046 2441 cupiditatem
1085 2378 1342 2430 videmus
1381 2378 1606 2430 ultimas
1647 2383 1821 2430 terras

127 2466 250 2503 esse
289 2458 629 2516 peragratas,
680 2466 821 2516 quae
859 2453 952 2516 qui
989 2466 1100 2504 non
1138 2452 1344 2512 vident,
1382 2452 1517 2503 nihil
1555 2467 1820 2516 umquam

60 2541 106 2576 30
127 2540 392 2590 magnum
429 2541 494 2578 ac
530 2528 846 2590 cognitione
883 2527 1113 2590 dignum
1148 2533 1490 2579 amaverunt.

198 2600 381 2664 Atque
420 2601 526 2652 hoc
565 2601 703 2660 loco,
744 2602 836 2664 qui
877 2607 1104 2664 propter
1143 2602 1311 2652 animi
1351 2601 1672 2666 voluptates
1713 2602 1818 2654 coli

129 2675 318 2726 dicunt
362 2689 429 2727 ea
475 2675 675 2734 studia,
721 2689 862 2739 quae
907 2675 1036 2733 dixi,
1082 2690 1194 2727 non
1239 2675 1568 2740 intellegunt
1611 2675 1818 2729 idcirco

200 2803 227 2844 4
259 2805 372 2854 quin
403 2797 468 2845 N²
500 2805 579 2854 qui
698 2804 751 2845 13
784 2814 929 2844 rerum
953 2805 1144 2846 Marsus
1176 2815 1334 2855 regum
1453 2804 1507 2844 16
1540 2805 1686 2855 patria
1718 2815 1823 2846 esse

126 2867 254 2943 (pata
284 2883 355 2942 ἑὸ,
386 2883 400 2909 ¹
430 2895 478 2935 et
508 2895 556 2934 ἰη
588 2905 685 2935 ras.
718 2905 745 2934 a
775 2883 834 2935 ἑὸ
866 2895 928 2935 ab
961 2895 1045 2935 alt.
1071 2890 1150 2944 m.)
1183 2894 1224 2935 N
1266 2894 1411 2944 patrie
1434 2894 1478 2936 V
1509 2895 1654 2944 patria
1685 2893 1823 2936 BER

200 2953 257 2996 23
290 2955 402 2996 add.
435 2955 505 2995 ed.
535 2956 686 3004 princ.
711 2955 907 2995 Roman.
941 2950 1050 3004 (sec.
1076 2955 1201 2996 Mdv.
1233 2951 1328 3004 sil.)
1462 2954 1519 2995 27
1553 2957 1631 2995 aut
1663 2954 1822 2996 demo-

126 3013 237 3054 crito
270 3009 350 3064 (de
382 3014 572 3054 mocrito
599 3011 660 3065 V)
692 3012 839 3055 RNV
959 3013 1017 3055 30
1042 3025 1259 3064 magnum
1293 3024 1347 3055 ac
1378 3015 1526 3056 Brem.
1562 3025 1731 3065 magna
