2046 3138
146 821 200 860 70

145 1677 197 1718 71

234 119 305 171 64
664 111 750 157 DE
783 110 1036 157 FINIBUS
1070 109 1220 157 BON.
1254 110 1331 155 ET
1365 109 1518 156 MAL.
1632 114 2019 157 Lib.11c.21—22

232 259 363 313 rent,
397 254 608 303 nullum
642 268 804 303 suum
838 253 1080 304 officium
1116 252 1389 310 ducerent,
1423 251 1526 302 nisi
1560 256 1618 301 ut
1648 250 1928 314 Voluptati

234 330 597 379 ministrarent
638 333 690 378 et
732 342 854 378 eam
888 332 1098 378 tantum
1140 327 1210 376 ad
1245 339 1431 376 aurem
1465 325 1838 384 admonerent,
1883 327 1929 376 si

234 403 402 454 modo
444 403 499 453 id
545 403 753 465 pictura
798 402 1040 465 intellegi
1082 406 1284 464 posset,
1329 405 1388 450 ut
1428 405 1644 451 caveret
1682 414 1752 451 ne
1797 400 1928 463 quid

235 478 433 528 faceret
476 477 790 540 inprudens,
836 476 985 539 quod
1027 476 1328 527 offenderet
1368 476 1583 526 animos
1628 475 1929 534 hominum,

234 557 328 602 aut
361 553 672 615 quicquam,
715 565 745 601 e
779 565 889 614 quo
925 552 1148 602 oriretur
1187 549 1384 612 aliquis
1419 549 1590 600 dolor.
1647 544 1781 600 ‘Nos
1815 551 1929 611 qui-
1976 562 1999 595 5

235 627 362 677 dem
386 626 624 676 Virtutes
658 627 735 676 sic
768 630 931 676 natae
957 639 1162 684 sumuS,
1196 630 1254 674 ut
1287 624 1382 674 tibi
1408 624 1749 683 serviremus,
1781 623 1930 673 aliud

235 703 442 764 negotii
475 701 609 751 nihil
643 694 948 751 habemuS.'

145 749 214 798 22
307 775 378 826 At
403 780 569 839 negat
595 774 856 838 Epicurus
876 800 944 806 —
968 775 1074 826 hoc
1100 775 1245 824 enim
1271 779 1512 824 vestrum
1538 772 1724 823 lumen
1751 778 1833 823 est
1861 797 1929 804 —

235 864 586 913 quemquam,
629 851 722 912 qui
755 850 987 900 honeste
1028 863 1140 900 non
1172 850 1337 907 vivat,
1379 847 1616 898 iucunde
1657 861 1822 910 posse
1854 849 1931 897 vi-

232 939 374 976 vere.
424 925 581 987 quasi
608 938 712 988 ego
739 924 794 974 id
821 938 1019 982 curem,
1053 923 1184 986 quid
1210 923 1300 973 ille
1327 923 1435 972 aiat
1452 927 1546 972 aut
1571 927 1749 985 neget.
1794 921 1927 972 illud
1955 933 1998 968 ιο

235 1013 454 1062 quaer0,
489 999 620 1062 quid
656 1000 720 1058 ei,
755 1000 847 1062 qui
882 1000 936 1048 in
960 998 1246 1061 voluptate
1279 1012 1556 1047 summum
1590 997 1799 1048 bonum
1834 1011 1929 1059 po-

233 1076 340 1133 nat,
375 1079 808 1125 consentaneum
843 1075 911 1123 sit
940 1073 1133 1124 dicere.
1191 1072 1322 1135 quid
1356 1071 1531 1130 affers,
1565 1085 1657 1121 cur
1682 1071 1929 1130 ThoriuS,

234 1163 332 1199 cur
349 1147 512 1199 Caius
534 1148 862 1207 PostumiuS,
889 1162 981 1198 cur
1006 1148 1255 1198 omnium
1281 1147 1476 1197 horum
1502 1147 1772 1209 magister,
1800 1143 1930 1196 Ora-

233 1228 301 1282 ta,
334 1238 447 1274 non
480 1223 874 1273 iucundissime
906 1223 1138 1274 vixerit?
1189 1223 1308 1284 ipse
1341 1226 1520 1284 negat,
1554 1226 1612 1270 ut
1643 1225 1769 1270 ante
1803 1220 1928 1278 dixi,

233 1298 635 1348 luxuriosorum
679 1299 849 1348 vitam
889 1296 1414 1360 reprehendendam,
1455 1297 1559 1345 nisi
1601 1294 1764 1357 plane
1796 1294 1928 1344 fatui
1954 1306 1996 1340 15

235 1374 355 1431 sint,
389 1373 444 1422 id
479 1377 561 1422 est
593 1373 698 1422 nisi
731 1377 824 1422 aut
857 1373 1080 1434 cupiant
1112 1376 1206 1421 aut
1237 1375 1496 1421 metuant.
1553 1383 1782 1432 quarum
1815 1382 1930 1418 am-

234 1447 426 1497 barum
452 1461 630 1497 rerum
658 1461 782 1497 cum
808 1446 1137 1497 medicinam
1165 1445 1463 1508 pollicetur,
1496 1444 1740 1494 luxuriae
1766 1443 1928 1494 licen-

233 1523 365 1571 tiam
400 1521 698 1584 pollicetur.
754 1521 838 1571 his
884 1522 1030 1571 enim
1070 1520 1232 1570 rebus
1266 1520 1517 1570 detractis
1561 1523 1727 1582 negat
1759 1532 1819 1568 se
1851 1532 1929 1568 re-

241 1597 412 1658 perire
446 1597 500 1646 in
535 1601 816 1647 asotorum
847 1596 960 1646 vita
993 1595 1143 1658 quod
1177 1594 1550 1657 reprehendat.

310 1670 436 1721 Non
478 1671 638 1734 igitur
678 1671 906 1733 potestis
945 1669 1230 1732 voluptate
1275 1670 1461 1720 omnia
1500 1668 1794 1731 dirigentes
1838 1672 1999 1717 autzo

233 1746 369 1796 tueri
394 1750 488 1795 aut
512 1747 742 1796 retinere
765 1746 1035 1795 virtutem.
1084 1758 1213 1794 nam
1238 1758 1340 1794 nec
1357 1744 1437 1793 vir
1462 1743 1641 1793 bonus
1667 1756 1732 1791 ac
1756 1743 1930 1792 iustus

233 1820 420 1870 haberi
455 1820 620 1871 debet
652 1821 760 1882 qui,
793 1833 863 1869 ne
897 1819 1102 1869 malum
1137 1819 1352 1876 habeat,
1388 1817 1624 1867 abstinet
1656 1830 1716 1866 se
1749 1816 1819 1866 ab
1853 1817 1930 1865 in-

233 1895 381 1945 iuria.
407 1895 566 1953 nosti,
586 1894 764 1952 credo,
783 1893 941 1943 illud:
964 1888 1159 1944 ‘Nemo
1179 1894 1302 1955 pius
1322 1897 1417 1950 est,
1437 1892 1529 1954 qui
1550 1892 1808 1953 pietatem
1824 1885 1930 1947 —’;

233 1982 367 2018 cave
401 1973 559 2031 putes
594 1970 889 2031 quicquam
923 1981 1045 2018 esse
1077 1968 1273 2018 verius
1330 1980 1433 2017 nec
1458 1967 1619 2024 enim,
1653 1965 1786 2015 dum
1819 1978 1930 2014 me-

232 2044 345 2102 tuit,
379 2044 553 2093 iustus
587 2048 682 2102 est,
718 2047 770 2093 et
803 2047 960 2101 certe,
993 2043 1038 2092 si
1071 2046 1313 2092 metuere
1347 2041 1623 2098 destiterit,
1664 2054 1777 2090 non
1811 2040 1928 2096 erit;
1954 2050 1999 2085 25

233 2131 345 2168 non
394 2122 602 2168 metuet
649 2122 848 2176 autem,
901 2117 1018 2167 sive
1067 2116 1242 2167 celare
1291 2115 1502 2178 poterit,
1565 2116 1682 2164 sive
1731 2113 1930 2176 opibus

232 2193 447 2255 magnis
489 2192 749 2255 quicquid
790 2192 973 2242 fecerit
1013 2192 1274 2254 optinere,
1320 2194 1573 2252 certeque
1614 2188 1780 2239 malet
1823 2189 1930 2238 exi-

232 2267 435 2316 stimari
468 2266 648 2317 bonus
682 2267 775 2325 vir,
809 2271 867 2316 ut
900 2279 1012 2316 non
1046 2267 1128 2324 sit,
1160 2278 1327 2328 quam
1362 2277 1498 2322 esse,
1540 2268 1598 2312 ut
1630 2276 1742 2313 non
1777 2267 1929 2324 pute-

232 2346 328 2391 tur.
392 2342 479 2399 ita,
521 2341 671 2403 quod
713 2341 1072 2391 certissimum
1114 2345 1210 2398 est,
1255 2353 1351 2401 pro
1385 2351 1516 2388 vera
1557 2342 1812 2399 certaque
1852 2338 1930 2386 iu-

232 2415 376 2466 stitia
400 2415 807 2466 simulationem
832 2414 993 2465 nobis
1018 2415 1256 2464 iustitiae
1282 2413 1489 2464 traditis
1507 2412 1929 2474 praecipitisque
1952 2420 1999 2455 3ο

305 2593 333 2633 6
366 2593 490 2633 aliud
522 2593 698 2642 negotii
730 2593 844 2632 nihil
869 2593 982 2633 dett.
1017 2591 1142 2631 aliud
1174 2590 1412 2640 negotium
1447 2589 1562 2629 nihil
1586 2586 1781 2628 ARNV
1805 2586 1929 2626 aliud

232 2653 479 2703 negocium
505 2663 601 2692 non
625 2651 706 2692 BE
801 2650 829 2692 8
854 2650 1077 2701 Epicurus
1103 2653 1244 2700 negat
1267 2649 1350 2690 BE
1453 2648 1508 2689 10
1532 2648 1665 2698 quasi
1770 2642 1926 2696 neget]

231 2710 351 2752 Non.
381 2724 429 2762 p.
458 2715 506 2752 70
608 2708 735 2761 quid]
771 2711 898 2760 quod
929 2709 1048 2751 Non.
1162 2710 1254 2749 aiat
1284 2708 1375 2749 NV
1405 2707 1525 2748 Non.
1558 2706 1650 2747 alat
1765 2704 1818 2746 13
1853 2715 1930 2744 cur

234 2770 370 2812 Caius
402 2770 472 2812 Se.
507 2781 585 2811 cur
616 2771 747 2811 chius
781 2766 1014 2819 (curehius
1045 2766 1103 2819 B)
1263 2767 1525 2809 Postumius
1560 2762 1654 2814 cur]
1689 2766 1928 2814 postumus

232 2841 310 2870 cur
350 2829 432 2871 BE
476 2841 554 2870 cur
598 2833 838 2880 postumus
870 2828 911 2870 V
1065 2828 1118 2869 17
1152 2838 1255 2868 cum
1300 2826 1531 2868 medicina
1567 2824 1610 2866 V
1653 2823 1927 2864 medicinam

233 2899 335 2929 cum
370 2888 452 2930 BE
581 2888 638 2928 26
672 2889 869 2938 potuerit
901 2887 983 2928 BE
1099 2887 1154 2928 27
1189 2887 1327 2927 malet
1359 2887 1462 2926 edd.
1497 2883 1650 2924 mallet
1775 2881 1832 2922 28
1865 2882 1930 2921 vir

238 2949 389 2988 bonus
421 2947 505 2988 BE
