2046 3138
39 132 67 184 ἓ
94 132 268 175 24—-27
550 126 636 174 DE
669 124 922 174 FINIBUS
956 120 1105 173 BON.
1140 123 1217 172 ET
1251 122 1403 172 MAL.
1751 129 1821 181 45

197 269 550 321 Semovenda
593 274 674 320 est
715 270 875 332 igitur
906 268 1179 331 voluptaS‚
1221 282 1332 319 non
1376 266 1555 318 solum
1590 271 1647 317 ut
1679 270 1825 317 recta
1858 268 1891 317 9

123 346 446 409 sequamini,
481 344 579 395 sed
615 345 778 395 etiarn
813 348 871 394 ut
896 343 1048 406 loqui
1075 343 1268 393 deceat
1293 342 1582 406 frugaliter.
1632 355 1824 404 possu-
1859 348 1914 388 26

122 435 318 471 musne
353 433 483 484 ergo
518 420 572 469 in
605 420 719 469 vita
752 433 1030 469 summum
1057 418 1266 469 bonum
1294 417 1489 476 dicere,
1523 430 1646 467 cum
1674 416 1728 466 id
1755 429 1824 466 ne

122 496 176 546 in
219 509 355 546 cena
395 494 619 558 quidem
664 507 830 556 posse
861 493 1184 543 videamur?
1252 491 1377 548 Quo
1424 492 1593 542 modo
1640 496 1823 541 autem

78 581 100 615 5
126 570 490 633 philosophus
525 569 799 632 loquitur?
858 563 999 618 ‘Tria
1024 581 1231 631 genera
1263 567 1639 630 cupiditatum,
1672 571 1826 616 natu-

123 645 262 695 rales
297 649 349 695 et
382 644 740 702 necessariae,
782 642 1056 693 naturales
1091 647 1143 693 et
1175 655 1287 692 non
1325 642 1684 700 necessariae,
1724 655 1826 691 nec

122 719 396 770 naturales
422 733 524 769 nec
550 713 927 769 necessariae.'
986 718 1220 780 primum
1256 717 1440 767 divisit
1466 716 1825 780 inelegan-ter;

123 794 234 845 duo
277 795 423 844 enirn
464 807 668 857 genera
708 807 851 856 quae
893 797 1058 851 erant,
1103 792 1228 843 fecit
1268 793 1381 843 tria.
1451 791 1557 842 hoc
1589 796 1672 842 est
1713 804 1825 841 non

123 868 382 927 dividere,
423 868 522 919 sed
564 868 825 932 frangere.
893 868 986 931 qui
1030 867 1167 918 haec
1200 866 1518 925 didicerunt,
1559 879 1703 928 quae
1737 865 1826 915 ille

57 954 99 990 10
124 944 437 1002 contemnit,
479 944 557 994 sic
590 942 789 993 solent:
834 937 977 993 ‘Duo
1012 955 1215 1006 genera
1256 941 1632 1005 cupiditatum,
1673 946 1827 991 natu-

122 1019 262 1069 rales
298 1023 349 1069 et
382 1020 589 1076 inanes,
623 1017 951 1069 naturalium
979 1017 1106 1076 duo,
1140 1017 1485 1068 necessariae
1519 1021 1572 1067 et
1596 1029 1708 1066 non
1734 1029 1827 1065 ne-

124 1088 427 1144 cessariae.'
498 1092 747 1143 confecta
790 1106 874 1143 res
920 1097 1079 1143 esset.
1145 1093 1407 1142 vitiosum
1454 1096 1535 1142 est
1581 1091 1726 1141 enim
1772 1091 1825 1139 in

124 1169 424 1219 dividendo
467 1173 675 1231 partem
718 1169 771 1217 in
813 1181 1014 1231 genere
1055 1181 1356 1218 numerare.
1413 1166 1510 1217 sed
1554 1166 1660 1216 hoc
1693 1179 1827 1215 sane
1862 1175 1915 1215 27

125 1244 510 1294 concedamus,
583 1243 883 1293 contemnit
928 1243 1074 1292 enim
1121 1241 1426 1292 disserendi
1480 1241 1826 1304 elegantiam,

58 1331 100 1366 15
125 1318 352 1369 confuse
393 1318 645 1381 loquitur.
701 1316 975 1381 gerendus
1019 1321 1100 1367 est
1140 1330 1277 1376 mOS,
1318 1316 1486 1367 modo
1530 1321 1674 1366 recte
1707 1329 1828 1366 sen-

125 1394 235 1444 tiat.
292 1398 345 1443 et
379 1392 603 1456 quidem
637 1391 771 1442 illud
805 1392 986 1455 ipsum
1020 1405 1133 1442 non
1168 1392 1398 1442 nimium
1434 1391 1608 1454 probo
1636 1395 1689 1441 et
1713 1395 1828 1440 tan-

125 1474 240 1518 tum
275 1469 464 1531 patior,
500 1466 895 1530 philosophum
930 1466 1081 1530 loqui
1116 1467 1185 1517 de
1220 1466 1610 1529 cupiditatibus
1637 1465 1829 1516 finien-

127 1543 225 1594 dis,
282 1557 351 1592 an
391 1547 571 1605 potest
608 1542 879 1604 cupiditas
913 1541 1089 1592 finiri?
1151 1541 1397 1592 tollenda
1427 1545 1509 1591 est
1541 1545 1706 1604 atque
1741 1554 1829 1591 ex-

126 1618 393 1668 trahenda
424 1617 696 1668 radicitus,
753 1618 875 1680 quis
911 1622 991 1667 est
1025 1617 1186 1675 enim,
1221 1617 1275 1666 in
1310 1630 1420 1679 quo
1448 1617 1516 1666 sit
1543 1615 1829 1678 cupiditaS,

58 1707 103 1742 20
129 1694 260 1756 quin
294 1698 438 1743 recte
472 1692 704 1754 cupidus
732 1691 838 1742 dici
865 1693 1075 1754 possit?
1125 1705 1255 1754 ergo
1283 1696 1335 1741 et
1361 1705 1558 1741 avarus
1585 1691 1696 1749 erit,
1730 1689 1828 1740 sed

127 1768 293 1827 finite,
328 1772 381 1817 et
413 1767 638 1826 adulter,
670 1781 861 1817 verum
896 1766 1121 1816 habebit
1153 1766 1397 1825 modum,
1433 1770 1485 1816 et
1518 1765 1829 1816 luxuriosus

129 1842 327 1893 eodem
369 1842 553 1893 modo,
623 1841 800 1904 qualis
846 1842 949 1891 ista
992 1841 1347 1904 philosophia
1389 1846 1484 1900 est,
1530 1854 1673 1903 quae
1717 1854 1829 1890 non

206 2022 232 2063 3
266 2033 368 2062 cum
403 2019 466 2070 id]
502 2033 604 2062 cum
639 2022 775 2071 igitur
807 2021 847 2061 V
881 2021 1007 2070 quod
1038 2021 1188 2062 Bentl.
1324 2021 1350 2060 5
1383 2017 1599 2070 loquitur]
1630 2023 1756 2071 ρ.20,
1784 2024 1833 2060 12

127 2093 228 2133 sqq.
318 2082 548 2122 naturales
581 2085 626 2122 et
658 2082 950 2122 necessariae
983 2092 1072 2122 om.
1106 2080 1144 2122 R
1235 2079 1263 2120 6
1289 2083 1334 2122 et
1365 2081 1658 2121 necessariae
1691 2073 1757 2119 Α2
1787 2083 1832 2120 et

130 2142 418 2182 necessarias
450 2135 658 2181 A¹BEN
668 2141 709 2182 V
833 2144 878 2182 et
909 2151 1005 2181 non
1039 2141 1301 2181 necessarie
1325 2134 1438 2181 A²R
1469 2143 1515 2181 et
1539 2140 1832 2180 necessariae

130 2196 193 2241 Α1
226 2204 272 2242 et
312 2212 407 2242 non
441 2202 727 2242 necessarias
759 2200 814 2247 V,
849 2196 919 2250 (as
953 2201 1014 2241 ab
1048 2201 1132 2242 alt.
1160 2212 1217 2241 m.
1252 2202 1299 2240 ἰη
1334 2197 1449 2250 ras.)
1482 2200 1544 2247 N;
1584 2203 1630 2240 et
1664 2199 1710 2239 in
1751 2210 1831 2240 ne-

129 2261 353 2302 cessarias
386 2260 469 2301 BE
591 2271 678 2301 nec
711 2261 941 2301 naturales
974 2271 1061 2301 nec
1094 2261 1384 2301 necessariae
1417 2271 1507 2300 om.
1540 2259 1624 2300 BE
1745 2260 1833 2308 nec

129 2321 361 2361 naturales
394 2320 431 2362 R
569 2320 594 2360 7
628 2331 715 2361 nec
748 2321 1039 2361 necessariae
1073 2319 1128 2367 A,
1162 2331 1249 2360 nec
1282 2320 1569 2360 necessarias
1601 2319 1642 2360 N
1676 2315 1746 2368 (as
1779 2330 1834 2359 ex

130 2392 249 2422 corr.
276 2392 334 2422 m.
361 2378 482 2431 alt),
507 2380 571 2427 V;
601 2383 646 2421 et
673 2381 959 2421 necessarias
985 2376 1237 2431 (super-scr.
1263 2390 1351 2420 nec
1375 2390 1517 2430 supet·
1542 2383 1600 2426 et,
1633 2391 1659 2420 e
1692 2390 1834 2430 super

131 2438 201 2491 as)
234 2440 273 2481 R
376 2437 679 2490 ineleganter]
715 2440 990 2490 ineliganter
1013 2438 1054 2479 A
1086 2439 1377 2490 negliganter
1399 2439 1438 2480 R
1540 2438 1567 2479 9
1601 2438 1763 2489 frange
1788 2450 1833 2479 re

132 2499 222 2546 Qui
255 2499 312 2547 R;
347 2500 556 2550 frangere
590 2499 680 2546 Qui
714 2496 782 2548 (fr.
814 2511 869 2540 ex
901 2511 1020 2540 corr.
1047 2511 1104 2540 m.
1131 2501 1244 2548 alt.,·
1275 2501 1391 2551 quid
1418 2500 1644 2551 primitus
1674 2500 1833 2550 fuerit,

131 2561 352 2612 coqnosci
380 2561 569 2611 nequit,·
601 2561 666 2600 ad
691 2558 796 2609 Qui,
829 2571 922 2610 quo
948 2560 1110 2600 vocab.
1136 2570 1288 2600 novae
1312 2560 1524 2610 payinae
1550 2560 1734 2599 initium
1759 2559 1832 2610 fit,

132 2621 179 2660 in
213 2631 363 2671 marq.
396 2621 641 2671 superiore
673 2620 902 2670 adscript.
937 2621 1032 2660 est:
1064 2619 1121 2659 al’
1155 2618 1246 2665 Qui
1271 2620 1309 2659 si
1336 2620 1507 2660 diceret
1531 2619 1831 2668 cupiditatum

132 2690 237 2721 esse
271 2680 363 2722 duo
396 2690 583 2730 genera,
617 2679 847 2720 naturales
880 2682 925 2720 et
965 2680 1144 2726 inanes,
1183 2678 1467 2719 Naturalium
1503 2689 1692 2728 quoque
1724 2679 1831 2718 item

133 2739 225 2779 duo
258 2740 545 2781 necessarias
579 2742 624 2781 et
655 2750 750 2780 non
784 2739 1071 2780 necessarias
1103 2738 1316 2780 coniecta
1356 2749 1427 2779 res
1461 2735 1604 2789 esset)
1637 2738 1699 2785 N;
1733 2741 1834 2778 tan-

132 2809 242 2848 gere
276 2797 365 2845 Qui
398 2799 440 2840 V
539 2799 795 2840 didicerunt
917 2799 1147 2840 naturales
1179 2796 1241 2848 (υ.
1262 2795 1330 2847 10)
1363 2809 1452 2838 om.
1478 2798 1516 2838 R
1624 2797 1677 2838 12
1711 2802 1834 2838 esset

135 2858 272 2900 ARN
305 2861 462 2901 essent
494 2858 576 2899 BE
608 2862 678 2899 est
709 2858 750 2900 V
890 2858 944 2899 14
978 2859 1100 2899 enim
1133 2870 1223 2899 om.
1257 2858 1340 2899 BE
1480 2857 1535 2898 16
1567 2861 1612 2898 et
1645 2858 1831 2907 quidem

135 2917 272 2959 ARN
313 2919 529 2968 equidem
564 2918 697 2959 BEV
855 2921 1030 2959 tantum
1065 2916 1106 2958 Α
1146 2921 1301 2960 tamen
1342 2913 1411 2967 (ῒῆ
1445 2933 1500 2949 ==
1525 2920 1703 2964 tamen,
1740 2929 1830 2969 pro

135 2977 197 3018 tn'l
224 2993 279 3009 επ
304 2976 499 3029 tantum)
623 2978 681 3019 20
713 2975 842 3028 quin]
878 2979 956 3028 qui
989 2972 1103 3019 N¹V
1136 2979 1214 3028 qui
1248 2989 1342 3018 non
1376 2977 1460 3018 BE
