2002 3068
71 87 98 138 §
127 87 302 129 22-26
584 81 669 127 DE
703 79 956 127 FINIBUS
991 78 1141 127 BON.
1176 78 1254 124 ET
1288 76 1439 124 MAL.
1791 84 1848 133 11

159 231 216 276 ut
242 239 353 276 non
381 223 549 275 modo
577 223 783 274 nullam
803 227 995 285 captet,
1023 221 1120 273 sed
1147 221 1310 272 etiam
1338 223 1637 283 praetereat
1663 231 1857 269 omnes

158 299 486 362 voluptates,
540 298 759 350 dolores
817 297 1055 360 denique
1107 296 1336 359 quosvis
1384 294 1661 357 suscipere
1706 292 1858 343 malit

160 388 326 439 quam
369 373 619 424 deserere
659 373 826 423 ullam
869 372 1033 423 officii
1076 376 1298 434 partem,
1342 369 1413 419 ad
1449 383 1528 428 ea,
1568 381 1712 432 quae
1751 367 1858 419 hoc

158 464 270 501 non
305 449 486 499 minus
529 447 818 506 declarant,
860 446 958 497 sed
997 446 1250 496 videntur
1289 444 1510 503 leviora,
1549 444 1853 494 veniamus

112 537 135 571 5
160 523 293 588 quid
327 524 438 582 tibi,
472 523 761 586 Torquate,
796 521 928 585 quid
962 522 1088 571 huic
1121 520 1324 571 Triario
1359 519 1580 578 litterae,
1614 517 1746 581 quid
1780 517 1857 568 hi-

159 600 358 650 storiae
386 599 740 662 cognitioque
758 611 950 655 rerum,
977 595 1109 659 quid
1134 598 1419 658 poetarum
1439 593 1698 652 evolutio,
1724 592 1856 656 quid

158 679 308 724 tanta
340 678 418 724 tot
450 687 708 723 versuum
742 672 1009 722 memoria
1032 670 1332 733 voluptatis
1358 669 1548 719 affert?
1595 681 1698 718 nec
1723 668 1856 718 mihi

158 748 290 799 illud
333 747 553 798 dixeris:
596 742 767 798 ‘Haec
801 747 946 797 enim
980 746 1100 809 ipsa
1140 745 1273 794 mihi
1315 748 1440 794 sunt
1479 742 1764 805 voluptati,
1805 748 1857 793 et

159 828 309 874 erant
342 823 434 872 illa
466 814 790 885 Torquatis?
848 821 1163 884 Numquam
1205 819 1312 870 hoc
1353 819 1427 868 ita
1459 817 1704 868 defendit
1736 816 1858 880 Epi-

91 909 134 945 ιο
160 913 318 949 curus
351 911 532 961 neque
567 897 910 948 Metrodorus
944 901 1036 946 aut
1069 895 1362 958 quisquam
1397 907 1602 951 eorum,
1636 893 1730 955 qui
1764 898 1856 942 aut

158 977 372 1036 saperet
410 971 618 1035 aliquid
659 977 752 1022 aut
792 972 895 1021 ista
935 970 1228 1020 didicisset.
1294 974 1345 1019 et
1389 967 1539 1031 quod
1584 968 1857 1030 quaeritur

159 1062 348 1110 saepe,
391 1062 483 1097 cur
522 1052 634 1097 tam
668 1046 822 1097 multi
856 1047 963 1095 sint
995 1045 1264 1108 Epicurei,
1297 1048 1423 1093 sunt
1456 1042 1598 1093 aliae
1631 1056 1855 1106 quoque

158 1137 373 1182 causae,
407 1122 505 1173 sed
531 1121 934 1172 multitudinem
960 1121 1099 1171 haec
1122 1119 1360 1169 maxime
1386 1117 1564 1176 allicit,
1599 1116 1750 1180 quod
1783 1117 1857 1167 ita

159 1202 349 1260 putant
383 1197 488 1246 dici
515 1197 584 1247 ab
612 1196 720 1254 illo,
754 1201 898 1246 recta
925 1200 976 1245 et
1002 1195 1236 1245 honesta
1262 1207 1406 1256 quae
1432 1193 1553 1251 sint,
1588 1205 1654 1242 ea
1679 1191 1855 1242 facere

91 1284 134 1319 15
159 1273 279 1335 ipsa
313 1286 407 1335 per
440 1285 499 1322 se
534 1271 809 1330 laetitiam,
852 1270 906 1319 id
949 1275 1029 1320 est
1060 1269 1416 1331 voluptatem.
1473 1267 1727 1317 homines
1761 1280 1857 1329 op-

158 1347 274 1397 timi
307 1361 419 1398 non
455 1346 777 1409 intellegunt
800 1350 970 1396 totam
997 1345 1263 1395 rationem
1299 1343 1480 1401 everti,
1515 1342 1560 1391 si
1586 1342 1661 1392 ita
1684 1355 1770 1391 res
1797 1356 1856 1392 se

158 1422 371 1472 habeat.
426 1435 555 1471 nam
597 1422 641 1471 si
675 1421 1076 1478 concederetur,
1118 1418 1331 1470 etiamsi
1371 1417 1442 1467 ad
1484 1430 1681 1479 corpus
1721 1416 1855 1466 nihil

157 1496 424 1555 referatur,
467 1497 569 1546 ista
610 1510 710 1546 sua
750 1500 947 1558 sponte
988 1500 1040 1545 et
1081 1508 1176 1556 per
1208 1507 1267 1543 se
1302 1506 1424 1543 esse
1466 1491 1719 1550 iucunda,
1762 1505 1857 1554 per

157 1585 216 1622 se
250 1576 394 1622 esset
427 1576 478 1621 et
509 1571 678 1620 virtus
713 1575 764 1620 et
799 1571 1038 1633 cognitio
1081 1582 1272 1627 rerum,
1314 1567 1464 1630 quod
1506 1567 1732 1617 minime
1766 1566 1856 1617 ille

90 1656 135 1692 20
158 1646 288 1704 vult,
323 1645 646 1708 expetenda.

233 1720 383 1771 Haec
424 1721 583 1784 igitur
623 1719 835 1782 Epicuri
869 1733 980 1769 non
1023 1718 1212 1780 prob0‚
1253 1718 1494 1780 inquam.
1550 1715 1634 1766 De
1676 1720 1855 1767 cetero

157 1795 357 1846 vellem
385 1795 642 1858 equidem
678 1799 770 1844 aut
803 1795 921 1857 ipse
956 1793 1214 1844 doctrinis
1239 1792 1429 1842 fuisset
1455 1791 1760 1841 instructior
1786 1815 1855 1823 -—

159 1875 239 1921 est
285 1871 445 1928 enim,
491 1868 641 1932 quod
686 1869 781 1918 tibi
827 1869 900 1918 ita
939 1868 1111 1918 videri
1155 1880 1383 1918 necesse
1433 1871 1527 1924 est,
1571 1880 1684 1917 non
1725 1867 1856 1916 satis

160 1945 362 2007 politus
396 1945 460 1994 iis
495 1944 712 2003 artibus,
747 1957 884 2006 quas
920 1944 1012 2006 qui
1044 1947 1245 2001 tenent,
1287 1941 1479 1992 eruditi
1513 1940 1857 2003 appellantur

89 2030 134 2065 25
159 2045 228 2051 —
267 2025 359 2069 aut
401 2033 472 2069 ne
517 2018 863 2069 deterruisset
908 2018 1046 2068 alios
1087 2031 1120 2067 a
1160 2017 1368 2067 studiiS.
1425 2029 1763 2078 quamquam
1803 2020 1856 2066 te

159 2094 382 2157 quidem
414 2093 580 2144 video
614 2094 839 2143 minime
874 2107 995 2143 esse
1029 2092 1355 2143 deterritum.

1891 524 1946 566 25

1891 1723 1946 1764 26

234 2167 390 2225 Quae
439 2182 562 2218 cum
612 2168 887 2226 dixissem,
944 2168 1121 2231 magis
1175 2171 1234 2216 ut
1289 2166 1440 2216 illum
1497 2178 1853 2228 provocarem
1889 2160 1922 2210 8

159 2258 325 2306 quam
367 2248 425 2293 ut
466 2244 584 2305 ipse
625 2242 889 2305 loquerer,
929 2247 1044 2291 tum
1087 2241 1321 2291 Triarius
1362 2239 1552 2290 leniter
1592 2239 1855 2290 arridens:

159 2318 239 2368 Tu
274 2318 512 2381 quidem,
555 2318 741 2379 inquit,
782 2322 955 2367 totum
990 2316 1278 2378 Epicurum
1325 2329 1502 2378 paene
1544 2329 1573 2365 e
1615 2314 1856 2377 philoso-

89 2403 135 2438 30
160 2393 391 2455 phorum
419 2392 584 2442 choro
612 2391 890 2441 sustulisti.
939 2391 1071 2454 quid
1106 2391 1154 2442 ei
1180 2390 1458 2454 reliquisti,
1491 2390 1595 2440 nisi
1620 2395 1688 2449 te,
1722 2404 1856 2453 quo-

159 2481 269 2530 quo
303 2467 472 2518 modo
508 2466 832 2530 loqueretur,
866 2465 1196 2530 intellegere,
1230 2464 1362 2529 quid
1389 2464 1627 2516 diceret?
1675 2465 1856 2515 aliena

231 2629 258 2670 9
291 2629 533 2680 Torquatis
558 2630 662 2671 edd.
695 2630 893 2679 torquati
919 2629 1100 2671 ABER
1131 2632 1343 2680 torquato
1376 2628 1468 2670 NV
1601 2628 1656 2669 10
1686 2627 1856 2670 Metro-

159 2690 296 2731 dorus
326 2689 378 2730 Ρ.
402 2690 529 2730 Μαη.
577 2700 686 2730 vero
718 2692 766 2730 tu
935 2690 1144 2741 fortasse
1182 2690 1430 2741 leyendum
1471 2689 1549 2739 qui
1589 2691 1636 2729 et
1673 2691 1858 2738 saperet

159 2749 333 2799 aliquid
373 2751 418 2790 et
457 2749 544 2788 ista
698 2748 752 2789 12
793 2749 966 2798 epicuri
998 2749 1100 2796 BE,
1141 2749 1178 2790 R
1212 2745 1356 2799 (Ep.),
1398 2748 1439 2789 N
1599 2747 1655 2788 28
1694 2747 1858 2790 leniter

159 2809 274 2850 dett.
307 2809 468 2849 leuiter
560 2807 617 2848 29
650 2807 716 2848 Tu
751 2809 938 2858 quidem
963 2809 1112 2859 inquit
1143 2806 1306 2858 totum]
1345 2811 1438 2848 tum
1473 2807 1586 2857 quid
1609 2810 1754 2848 totum
1787 2808 1855 2847 in-

160 2868 257 2916 quit
288 2863 471 2919 (inquid
501 2864 559 2917 B)
593 2866 676 2908 BE
827 2868 885 2909 30
918 2879 1105 2919 quoque
1140 2869 1279 2910 modo
1312 2862 1377 2908 Α1
1414 2878 1601 2917 quoque
1634 2870 1683 2908 ut
1716 2867 1855 2908 modo

159 2921 318 2969 RN¹V
351 2937 537 2977 quoque
570 2930 619 2967 ut
651 2927 697 2967 id
731 2928 870 2970 modo
902 2922 967 2969 N²
