2002 3068
158 77 201 129 X
819 73 1180 121 PRAEFArro

234 212 287 257 In
334 211 572 257 librorum
620 221 724 255 non
771 209 1183 266 interpolatorum
1231 220 1420 266 genere
1467 210 1733 257 habendus
1778 215 1854 258 est

162 272 313 318 etiam
362 269 645 316 communis
690 269 803 315 fons
850 269 1085 315 codicum
1125 272 1162 312 B
1198 271 1246 312 et
1277 272 1325 312 Ε.
1382 268 1511 314 Nam
1560 270 1601 315 is
1649 284 1853 328 quoque

162 331 318 378 caruit
349 331 452 375 iere
478 328 743 375 conatibus
772 328 1035 374 scribentis
1061 339 1154 373 suo
1181 327 1382 373 arbitrio
1409 341 1541 388 quae
1565 330 1690 375 falsa
1714 331 1854 376 vide-

160 392 340 436 bantur
389 388 717 440 emendandi‚
766 390 984 445 suntque
1029 399 1160 444 quae
1204 387 1267 432 ab
1309 387 1386 432 his
1431 388 1553 434 solis
1593 389 1854 435 codicibus

158 463 279 496 vere
311 449 579 494 tradantur.
628 446 730 493 Sed
762 447 813 492 in
847 459 1021 493 eorum
1054 449 1262 504 parente
1303 447 1632 505 neglegentia
1671 448 1854 494 librarii

161 509 303 554 multi
337 507 592 554 commissi
627 509 767 552 erant
800 519 991 552 errores
1024 506 1348 563 maximeque
1381 506 1431 551 in
1464 508 1732 553 verborum
1765 521 1855 566 po-

161 569 257 614 situ
306 580 494 625 magna
539 566 630 612 fuit
676 566 808 612 illius
856 565 1040 611 librarii
1080 565 1285 612 incuria.
1342 565 1492 616 Quod
1533 579 1647 612 cum
1688 580 1856 625 neque

162 627 476 685 Madvigium
510 625 587 683 (ci.
622 627 699 671 ed.
723 626 765 670 3.
799 639 845 683 p.
871 623 1061 682 XLVII)
1094 637 1262 682 neque
1296 623 1346 671 C.
1373 625 1423 671 F.
1448 625 1530 671 W.
1557 627 1855 672 Muellerum

162 687 238 745 (cf.
266 688 380 732 adn.
407 686 508 732 crit.
535 687 600 731 ad
628 699 675 743 p.
700 686 802 738 257,
819 684 895 742 20)
928 684 1123 743 fugerit,
1156 687 1327 730 tamen
1361 697 1435 738 ea,
1477 698 1629 743 quam
1670 686 1720 731 in
1761 686 1857 732 hac

161 759 214 792 re
247 746 317 791 illi
350 746 509 792 secuti
542 747 658 790 sunt
690 757 934 798 normam,
967 757 1070 790 non
1105 747 1180 790 est
1211 744 1487 802 probanda.
1540 745 1858 803 Ubicumque

163 806 298 852 enim
330 809 373 851 A
413 805 567 850 alium
609 804 815 850 exhibet
853 805 1124 850 verborum
1165 803 1395 850 ordinem
1441 807 1592 862 atque
1632 809 1734 858 BE,
1779 805 1857 850 his

163 865 424 912 codicibus
457 865 666 910 abiectis
699 863 840 909 illum
866 866 1156 921 sequuntur,
1189 866 1448 921 tamquam
1477 877 1736 922 nunquam
1769 877 1858 922 po·

161 925 310 971 tuerit
342 936 504 970 errare
536 923 765 969 librarius
799 923 989 969 codicis
1022 927 1078 968 A.
1098 922 1130 979 ¹)
1179 921 1291 974 Qua
1323 923 1374 968 in
1414 935 1468 968 re
1500 923 1570 968 illi
1603 923 1858 970 Baiterum

162 985 321 1030 secuti
354 987 490 1036 sunt,
525 983 667 1029 cuius
700 983 930 1029 recensio
962 985 1068 1028 tota
1099 983 1202 1028 iere
1235 982 1405 1027 nititur
1438 983 1702 1029 codicibus
1735 987 1777 1028 A
1810 986 1860 1029 et

160 1049 198 1090 B
233 1046 283 1090 et
315 1043 608 1089 Moreliano.
657 1043 755 1089 Ubi
791 1055 913 1088 vero
948 1043 1093 1088 deest
1122 1041 1469 1087 testimonium
1503 1042 1694 1089 codicis
1717 1047 1774 1096 A,
1808 1043 1859 1088 id

164 1106 239 1149 est
271 1103 391 1149 inde
423 1115 453 1148 a
478 1102 543 1148 IV
569 1103 638 1156 16,
671 1105 770 1148 tres
802 1102 854 1147 hi
889 1102 1108 1148 editores
1137 1101 1188 1147 in
1214 1101 1550 1148 collocatione
1574 1103 1859 1155 verborum,

162 1163 249 1209 ubi
283 1175 344 1208 ea
383 1162 549 1220 posita
582 1164 658 1208 est
689 1161 740 1207 in
774 1161 1071 1207 auctoritate
1116 1161 1372 1214 codicum,
1415 1162 1552 1208 solos
1592 1161 1745 1208 libros
1777 1166 1860 1207 BE

163 1224 452 1280 sequuntur,
485 1224 743 1279 tamquam
777 1222 828 1266 in
861 1222 957 1267 hac
988 1223 1129 1278 parte
1162 1221 1329 1278 operis
1353 1220 1569 1267 Tulliani
1602 1221 1653 1266 in
1685 1221 1859 1279 negle-

162 1282 368 1340 gentiae
400 1282 568 1328 locum
603 1284 753 1327 antea
784 1283 887 1327 tam
913 1293 1069 1338 saepe
1101 1280 1401 1338 perspicuae
1433 1281 1732 1326 successerit
1757 1293 1860 1326 cera

161 1342 355 1392 tissima
378 1341 520 1387 fides,
569 1340 622 1386 In
650 1353 762 1387 eam
789 1343 958 1386 autem
983 1340 1267 1386 inciderunt
1291 1340 1696 1394 inconstantiam,
1722 1341 1859 1398 quod

162 1401 315 1448 libros
356 1400 652 1454 deteriores,
701 1403 945 1458 quantum
986 1399 1208 1445 maxime
1247 1402 1500 1458 poterant,
1547 1402 1858 1458 spreverunt.

167 1460 319 1512 Quod
351 1473 659 1518 quamquam
702 1460 754 1505 in
794 1459 1085 1505 universum
1129 1471 1222 1505 suo
1263 1459 1370 1504 iure
1400 1460 1647 1512 fecerunt,
1687 1462 1859 1504 tamen

166 1521 343 1578 fugere
376 1532 466 1566 eos
497 1532 601 1565 non
635 1519 824 1572 debuit,
858 1519 1132 1565 deteriores
1175 1531 1290 1564 cum
1323 1522 1365 1564 A
1398 1518 1449 1564 in
1482 1519 1752 1564 verborum
1785 1531 1861 1564 or-

168 1580 286 1625 dine
317 1582 419 1624 tam
449 1591 605 1637 saepe
631 1590 911 1637 congruere
938 1577 1350 1624 dissentientibus
1374 1582 1471 1631 BE,
1503 1581 1572 1631 ut,
1605 1578 1691 1624 ubi
1717 1578 1861 1624 deest

163 1643 218 1692 A,
253 1639 558 1685 deteriorum
590 1638 938 1684 testimonium
977 1650 1081 1684 non
1121 1638 1268 1683 fuerit
1300 1639 1657 1695 spernendum.
1714 1637 1860 1683 Nunc

162 1711 307 1751 ver0,
357 1711 472 1744 cum
512 1701 709 1756 praeter
748 1702 791 1744 A
832 1700 881 1744 et
920 1702 1002 1743 BE
1042 1697 1128 1743 alii
1170 1697 1322 1742 etiam
1362 1700 1563 1755 praesto
1609 1697 1708 1743 sint
1750 1697 1861 1743 libri

164 1758 414 1810 meliores,
442 1758 688 1804 dubitatio
715 1770 790 1810 ea,
825 1769 957 1815 quae
982 1756 1198 1815 pertinet
1223 1757 1289 1802 ad
1313 1757 1583 1803 verborum
1617 1757 1860 1809 ordinem,

164 1817 354 1875 ubique
385 1818 489 1863 iere
522 1820 597 1863 est
629 1817 840 1863 sublata.
889 1816 985 1863 Ubi
1019 1816 1155 1862 enim
1189 1819 1306 1862 ante
1338 1816 1403 1862 IV
1430 1817 1486 1862 16
1517 1820 1559 1861 A
1592 1816 1743 1861 aliam
1777 1828 1862 1861 ex-

165 1876 308 1923 hibet
344 1877 615 1922 verborum
657 1876 1047 1923 collocationem
1087 1878 1241 1934 atque
1280 1875 1459 1933 reliqui
1492 1875 1602 1921 libri
1618 1873 1674 1933 ²),
1715 1875 1766 1920 in
1800 1887 1862 1921 eo

168 1938 383 1982 erratum
417 1948 530 1982 esse
563 1939 784 1994 apparet.
833 1936 896 1982 Ut
927 1936 1026 1982 hoc
1051 1948 1155 1982 non
1181 1947 1336 1993 saepe
1368 1936 1554 1981 factum
1584 1947 1698 1981 esse
1721 1934 1863 1980 vide-

168 2008 301 2048 muS,
342 1995 410 2042 ita
449 2008 758 2054 permagnus
799 1998 874 2041 est
907 2007 1081 2041 eorum
1115 1996 1342 2041 locorum
1374 2007 1636 2048 numerus,
1672 1994 1724 2040 in
1757 1994 1863 2052 qui-

166 2056 263 2102 bus
305 2055 573 2101 verborum
615 2055 791 2101 ordine
823 2059 906 2100 BE
946 2055 1010 2101 ab
1050 2058 1239 2100 ARNV
1280 2054 1602 2107 dissentiunt,
1653 2056 1863 2111 tumque

167 2118 250 2160 BE
294 2126 407 2160 esse
450 2115 736 2162 reiciendos
786 2127 889 2160 non
934 2114 1230 2160 auctoritate
1273 2113 1438 2160 solum
1479 2113 1713 2160 codicum
1752 2113 1864 2159 reli-

169 2186 383 2231 quorum
416 2174 647 2227 efficitur,
680 2175 772 2220 sed
806 2186 868 2220 eo
903 2174 1075 2227 etiam,
1117 2174 1255 2232 quod
1289 2173 1575 2219 dissensum
1606 2173 1747 2218 illurn
1780 2184 1863 2219 co-

170 2232 340 2279 dicum
371 2237 454 2278 BE
485 2234 622 2280 haud
654 2233 830 2291 paucis
862 2231 1037 2291 locis³)
1062 2245 1153 2291 per
1183 2244 1239 2279 se
1264 2245 1476 2290 pravum
1503 2244 1616 2279 esse
1642 2234 1863 2290 apparet,

247 2323 290 2377 1)
324 2325 576 2377 Exceptum
608 2330 678 2368 est
709 2328 926 2369 mendum
959 2330 1165 2377 apertum
1199 2326 1373 2367 codicis
1398 2324 1441 2366 A
1466 2337 1511 2376 p.
1538 2326 1607 2373 78,
1633 2325 1704 2372 23,
1739 2325 1865 2376 quod

170 2388 325 2427 tamen
357 2386 460 2427 illos
492 2397 587 2427 non
621 2386 777 2427 docuit
807 2385 850 2426 A
883 2397 1071 2436 quoque
1103 2386 1311 2436 potuisse
1351 2395 1496 2426 errare
1537 2386 1583 2426 in
1622 2386 1863 2426 verborum

170 2445 491 2486 collocatione.
546 2444 653 2486 Non
697 2448 878 2486 constat
920 2446 1010 2486 sibi
1053 2444 1316 2496 Madvigius
1359 2445 1573 2496 neglecto
1614 2443 1657 2484 A
1696 2442 1767 2491 24,
1785 2443 1864 2490 303

173 2504 243 2551 37,
262 2503 339 2551 22;
365 2503 533 2552 40,18;
559 2504 630 2552 55,
650 2503 727 2551 10;
754 2504 823 2552 72,
843 2504 921 2551 21;
949 2504 1018 2553 75,
1039 2503 1115 2552 13;
1142 2503 1212 2551 79,
1234 2503 1281 2551 1;
1311 2503 1382 2551 80,
1403 2503 1479 2551 18;
1505 2503 1576 2551 83,
1595 2502 1672 2551 323
1698 2503 1768 2550 96,
1787 2502 1864 2550 22;

249 2619 295 2674 2)
329 2634 373 2672 p.
399 2621 566 2669 22,17;
600 2621 670 2668 24,
690 2621 766 2669 3Ο;
800 2622 870 2669 37,
889 2622 967 2669 22;
1000 2622 1167 2669 40,18;
1201 2621 1368 2669 55,10;
1402 2621 1568 2669 56,15;
1602 2620 1767 2668 66,17;
1794 2619 1865 2667 66,

173 2681 251 2729 27;
284 2681 421 2728 68,6;
455 2681 524 2728 72,
543 2681 620 2728 21;
655 2681 820 2729 75,13;
854 2681 989 2728 79,1;
1023 2682 1094 2728 85,
1113 2681 1153 2722 2.

251 2738 297 2791 3)
331 2753 375 2790 p.
402 2740 472 2787 29,
491 2741 570 2787 273
603 2740 674 2787 46,
695 2739 770 2787 14;
805 2740 874 2787 52,
894 2740 942 2787 2;
977 2741 1047 2788 53,
1069 2741 1146 2787 13;
1172 2740 1242 2788 54,
1264 2739 1339 2787 19;
1365 2739 1436 2787 56,
1457 2739 1502 2787 1;
1529 2737 1664 2786 60,3;
1697 2738 1768 2785 66,
1787 2737 1864 2784 253

174 2800 245 2847 67,
264 2799 340 2847 25;
373 2799 510 2847 80,4;
544 2799 681 2847 81,7;
715 2799 881 2846 81,11;
916 2799 1084 2847 92,12;
1118 2798 1286 2847 97,11;
1329 2798 1495 2846 101,4;
1537 2796 1732 2844 103,19;
1768 2795 1866 2843 104,

177 2858 255 2904 21;
290 2858 485 2905 111‚20;
520 2858 685 2905 126,5;
721 2857 915 2905 132,14;
952 2858 1119 2906 145,2;
1155 2857 1349 2905 145‚14;
1385 2857 1549 2904 166,9;
1587 2855 1684 2903 175,
1703 2855 1757 2896 25
1775 2866 1868 2905 sq.;

179 2917 345 2965 187,6;
382 2917 575 2966 196,14;
612 2917 806 2965 198,12;
843 2916 1030 2965 199,17.
