2046 3138
160 1263 215 1303 74

161 2008 216 2048 75

255 158 357 209 118
446 167 448 169 ’
677 149 763 195 DE
795 148 1051 196 FINIBUS
1084 148 1234 207 BON.
1267 149 1346 195 ET
1378 145 1530 196 MAL.
1754 154 2041 197 Lib.111c.22

247 293 330 351 sit,
364 292 413 342 ei
440 290 901 354 proficiscendum
931 295 1014 342 est
1039 290 1110 341 ab
1137 291 1288 341 omni
1313 290 1522 342 mundo
1548 295 1713 354 atque
1738 291 1807 341 ab
1834 292 1951 342 eius

227 367 648 430 procuratione.
711 378 815 416 nec
852 379 986 417 vero
1029 370 1212 428 potest
1252 365 1544 428 quisquam
1585 365 1659 416 de
1698 366 1859 417 bonis
1900 371 1953 416 et

251 441 410 491 malis
441 454 572 491 vere
605 439 845 490 iudicare
885 441 990 490 nisi
1032 440 1182 491 omni
1217 440 1437 503 cognita
1476 440 1686 491 ratione
1727 445 1951 491 naturae

249 520 301 566 et
332 515 479 565 vitae
514 515 679 565 etiam
722 514 967 573 deorum,
1011 519 1064 565 et
1102 519 1281 564 utrum
1317 515 1609 565 conveniat
1651 529 1826 565 necne
1858 529 1952 564 na-

248 595 378 640 tura
398 590 638 640 hominis
674 603 797 639 cum
830 589 1101 639 universa.
1157 599 1412 652 quaeque
1438 593 1564 639 sunt
1586 594 1773 640 vetera
1798 603 1949 652 prae-
1994 601 2018 635 5

250 664 789 727 ceptasapientium,
831 664 924 727 qui
965 664 1155 714 iubent
1194 664 1470 726 tempori
1506 677 1729 731 parere
1762 669 1816 714 et
1855 678 1952 714 se-

248 739 359 801 qui
394 738 582 789 deum
611 743 671 789 et
703 752 771 789 se
811 752 1086 789 noscere
1121 742 1174 788 et
1205 737 1369 787 nihil
1402 738 1615 796 nimis,
1656 738 1793 789 haec
1832 739 1950 788 sine

250 813 492 877 physicis
527 826 694 876 quam
726 813 840 862 vim
874 812 1118 863 habeant
1142 837 1212 845 -
1241 816 1294 862 et
1326 812 1533 863 habent
1556 813 1853 862 maximam
1880 837 1950 845 ——

247 887 436 938 videre
461 901 628 938 nemo
655 891 852 950 potest.
901 892 1066 950 atque
1086 887 1250 937 etiarn
1275 886 1345 936 ad
1362 887 1624 937 iustitiam
1645 886 1951 945 colendam,

250 962 320 1012 ad
362 961 596 1012 tuendas
638 962 905 1012 amicitias
940 966 993 1012 et
1032 961 1268 1024 reliquas
1304 962 1552 1012 caritates
1586 961 1718 1024 quid
1759 966 2020 1011 naturam

247 1036 433 1087 valeat
458 1036 596 1087 haec
619 1050 730 1086 una
756 1037 998 1100 cognitio
1025 1041 1207 1099 potest
1231 1035 1456 1087 tradere.
1503 1050 1606 1086 nec
1624 1050 1756 1086 vero
1777 1037 1950 1099 pietas

251 1111 515 1162 adversus
550 1111 687 1161 deos
719 1125 823 1162 nec
856 1115 1062 1174 quanta
1094 1111 1159 1161 iis
1200 1111 1373 1174 gratia
1406 1110 1670 1161 debeatur
1710 1111 1828 1161 sine
1863 1125 1951 1161 ex-

252 1185 548 1249 plicatione
581 1189 807 1236 naturae
840 1185 1084 1249 intellegi
1118 1189 1314 1248 potest.

326 1259 436 1311 Sed
477 1261 587 1310 iam
629 1260 807 1310 sentio
848 1274 938 1310 me
980 1274 1102 1310 esse
1144 1259 1365 1323 longius
1407 1264 1742 1322 provectum,
1783 1272 1948 1322 quam

250 1335 534 1398 proposita
572 1335 708 1385 ratio
750 1334 1063 1397 postularet.
1125 1348 1316 1384 verum
1358 1334 1692 1384 admirabilis
1725 1347 1950 1396 compo·
1975 1346 2018 1381 15

250 1410 374 1460 sitio
417 1408 741 1471 disciplinae
781 1408 1225 1471 incredibilisque
1269 1422 1445 1459 rerum
1478 1423 1569 1459 me
1601 1409 1758 1458 traxit
1790 1408 1949 1467 ordo;

249 1498 430 1547 quem,
458 1497 552 1546 per
578 1483 715 1534 deos
740 1483 1077 1534 inmortales!
1134 1497 1319 1534 nonne
1344 1483 1589 1534 miraris?
1643 1483 1775 1546 quid
1802 1483 1947 1533 enim

249 1563 344 1609 aut
376 1559 430 1608 in
457 1562 664 1616 natura,
697 1571 808 1620 qua
831 1557 965 1607 nihil
992 1562 1074 1609 est
1099 1558 1293 1620 aptiuS,
1326 1557 1459 1607 nihil
1486 1557 1823 1620 descriptiuS,
1857 1562 1951 1607 aut

250 1634 305 1682 in
340 1633 599 1695 operibus
632 1646 801 1682 manu
835 1631 988 1682 iactis
1021 1637 1132 1682 tam
1160 1632 1528 1695 compositum
1554 1636 1777 1695 tamque
1804 1646 1951 1682 com-

251 1712 472 1770 pactum
508 1711 561 1758 et
594 1711 1040 1770 coagmentatum
1074 1707 1304 1757 inveniri
1339 1708 1557 1769 potest?
1612 1706 1743 1770 quid
1768 1711 1949 1769 poste·
1972 1717 2018 1753 20

249 1782 360 1832 rius
410 1782 571 1844 priori
619 1795 731 1832 non
785 1782 1080 1832 convenit?
1147 1781 1279 1844 quid
1335 1781 1592 1843 sequitur,
1641 1780 1791 1844 quod
1836 1795 1948 1831 non

249 1856 583 1918 respondeat
615 1856 918 1918 superiori?
979 1855 1111 1918 quid
1145 1869 1257 1906 non
1291 1855 1370 1905 sic
1401 1855 1550 1905 aliud
1585 1869 1651 1906 ex
1684 1854 1791 1905 alio
1826 1869 1950 1905 nec-

250 1931 388 1988 titur,
422 1935 495 1989 ut,
528 1931 574 1980 si
599 1929 767 1979 ullam
802 1929 1032 1980 litteram
1065 1930 1318 1988 moveriS‚
1351 1929 1538 1980 labent
1570 1930 1794 1980 omnia?
1847 1943 1950 1979 nec

250 2010 435 2055 tamen
470 2005 766 2068 quicquam
802 2009 897 2063 est,
940 2004 1090 2067 quod
1131 2005 1338 2054 moveri
1381 2004 1569 2066 possit.
1632 2018 1798 2067 quam
1832 2018 1950 2067 gra-

248 2079 332 2129 vis
377 2093 524 2138 vero,
577 2092 743 2142 quam
788 2078 1096 2142 magnifica,
1150 2092 1316 2141 quarn
1363 2083 1620 2129 constans
1669 2078 1949 2129 coniicitur
1972 2090 2018 2125 25

252 2167 488 2216 persona
527 2153 816 2216 sapientis!
881 2154 990 2216 qui,
1031 2167 1154 2203 cum
1196 2153 1331 2203 ratio
1366 2153 1625 2211 docuerit,
1669 2153 1819 2216 quod
1853 2153 1950 2203 ho-

250 2233 467 2279 nestum
503 2232 661 2286 esset,
695 2227 749 2277 id
777 2241 899 2278 esse
925 2227 1105 2278 solum
1131 2227 1356 2286 bonum,
1389 2241 1604 2290 semper
1629 2228 1697 2277 sit
1720 2241 1948 2278 necesse

253 2307 336 2353 est
367 2302 562 2355 beatus
593 2316 834 2364 vereque
868 2302 1055 2352 omnia
1088 2302 1191 2352 ista
1215 2302 1443 2352 nomina
1475 2301 1770 2364 possideat,
1805 2315 1948 2364 quae

251 2377 453 2427 irrideri
496 2376 565 2426 ab
607 2376 850 2439 inperitis
894 2376 1087 2427 solent.
1157 2377 1353 2426 rectius
1396 2376 1541 2426 enim
1586 2375 1949 2438 appellabitur

328 2567 347 2607 1
386 2568 430 2608 ei
462 2567 504 2608 V
536 2570 582 2608 et
612 2566 794 2609 ABER
826 2568 870 2610 ei
902 2570 949 2608 et
979 2568 1021 2608 N
1165 2568 1192 2608 6
1226 2565 1402 2618 parere]
1437 2568 1610 2618 pariete
1641 2567 1680 2609 R
1815 2568 1948 2617 sequi

249 2629 295 2667 et
328 2627 465 2668 deum
499 2630 545 2668 et
576 2638 628 2668 se
660 2626 741 2667 BE
895 2626 945 2668 11
983 2638 1071 2669 nec
1102 2637 1211 2669 vero
1322 2630 1476 2677 potest
1505 2626 1625 2668 Non.
1655 2639 1703 2678 ρ.
1727 2631 1806 2667 232
1835 2638 1873 2667 s,
1907 2639 1947 2667 υ.

250 2686 495 2727 advorsum
647 2685 701 2726 12
734 2683 971 2735 adversus]
1006 2687 1249 2728 advorsum
1281 2686 1401 2728 Non.
1488 2715 1491 2717 -
1546 2687 1602 2727 iis
1633 2686 1756 2727 Mdv.
1790 2686 1862 2726 his

250 2746 518 2795 expiatione
551 2741 869 2795 („exp1atione
886 2739 941 2786 L¹
973 2748 1028 2787 ut
1057 2745 1177 2787 vid.“
1212 2742 1439 2797 Lindsay)
1468 2745 1588 2787 Non.
1714 2744 1768 2785 16
1801 2756 1946 2786 rerum

251 2815 324 2845 me
348 2804 386 2845 R
419 2815 492 2846 me
518 2815 663 2846 rerum
689 2804 772 2845 BE
805 2815 949 2846 rerum
975 2804 1118 2846 ANV
1209 2805 1267 2846 20
1299 2807 1670 2855 coagmentatum
1703 2806 1773 2846 ed.
1796 2806 1946 2855 prino.

251 2862 414 2905 Colon.
456 2864 836 2905 cocicmentatum
873 2863 915 2904 A
963 2864 1240 2906 cociomtatfi
1278 2865 1318 2906 R
1363 2866 1767 2914 coaugmentatum
1806 2863 1947 2905 BEN

250 2926 655 2972 coagumentatum
686 2923 729 2964 V
869 2923 926 2965 23
965 2927 1020 2964 ut·
1053 2924 1092 2964 si
1131 2918 1324 2975 ‘aliquis
1364 2924 1495 2974 apud
1531 2918 1700 2964 Bent1.’
1734 2923 1858 2965 Mdv.
1899 2927 1948 2965 ut

249 2991 345 3022 non
377 2982 415 3022 si
447 2981 679 3023 ABERN
711 2985 788 3023 aut
819 2992 914 3023 non
947 2983 986 3023 si
1010 2982 1052 3024 V
1173 2983 1229 3023 24
1262 2983 1388 3032 quod
1419 2981 1502 3023 BE
1535 2991 1627 3032 quo
