2046 3138
149 557 201 596 77

153 1820 208 1860 78

239 114 342 166 194
423 131 425 134 v
656 106 741 152 DE
773 102 1026 163 FINIBUS
1060 101 1209 149 BON.
1242 102 1321 148 ET
1353 103 1506 150 MAL.
1619 108 2012 151 Lib.vc.26-27

233 244 447 302 Stoicis,
492 249 552 296 ut
597 248 800 307 negent
844 243 1138 307 quicquam
1183 255 1351 305 posse
1395 243 1604 305 percipi
1648 243 1755 292 nisi
1807 242 1916 294 tale

227 331 440 377 verum,
470 316 632 381 quale
662 315 867 368 falsum
895 330 1018 368 esse
1046 330 1158 367 non
1187 316 1381 379 possit.
1419 316 1606 379 itaque
1628 315 1767 367 haec
1795 329 1918 367 cum

233 392 344 443 illis
384 397 468 443 est
510 391 800 450 dissensio,
843 405 965 441 cum
1007 390 1385 454 Peripateticis
1425 390 1580 441 nulla
1620 403 1769 442 sane.
1818 389 1918 441 sed

233 466 369 517 haec
399 467 745 523 omittamus;
777 465 982 517 habent
1012 466 1157 516 enim
1188 470 1243 516 et
1274 464 1412 515 bene
1443 464 1670 528 longam
1697 470 1751 515 et
1785 465 1920 515 satis

235 540 537 604 litigiosam
591 539 1042 603 disputationem.
1113 538 1251 589 illud
1306 538 1440 589 mihi
1493 553 1528 589 a
1581 544 1635 590 te
1689 539 1919 588 nimium
1968 555 1991 589 5

235 614 562 666 festinanter
596 614 803 665 dictum
838 613 1071 672 videtur,
1107 613 1375 676 sapientis
1408 613 1589 664 omnis
1623 626 1746 663 esse
1781 626 1922 663 sem-

236 703 333 752 per
377 688 596 747 beatos;
642 688 830 739 nescio
877 702 986 751 quo
1033 687 1202 738 modo
1250 686 1681 751 praetervolavit
1728 687 1921 738 oratio.

236 763 384 827 quod
418 763 525 814 nisi
558 763 636 814 ita
667 762 925 820 efficitur,
960 775 1101 825 quae
1134 761 1550 824 Theophrastus
1584 761 1653 813 de
1683 761 1921 820 fortuna,

236 836 305 888 de
358 836 565 896 dolore,
621 837 689 887 de
742 836 986 887 cruciatu
1039 836 1286 899 corporis
1340 835 1492 894 dixit,
1547 849 1670 886 cum
1721 835 1921 898 quibus

236 911 497 975 coniungi
546 911 718 962 vitam
772 911 990 961 beatam
1042 909 1197 961 nullo
1247 910 1417 961 modo
1470 923 1638 973 posse
1689 910 1921 973 putavit,
1950 928 1994 962 ιο

235 999 444 1044 vereor,
477 999 546 1036 ne
580 999 713 1036 vera
746 985 870 1036 sint.
914 999 1043 1035 nam
1078 983 1216 1034 illud
1250 984 1604 1035 vehementer
1632 989 1921 1047 repugnat,

236 1059 474 1128 eundem
502 1059 726 1111 beatum
758 1073 881 1110 esse
910 1064 964 1110 et
993 1058 1182 1109 multis
1213 1058 1375 1109 malis
1405 1071 1754 1121 oppressum.
1788 1058 1926 1108 haec

237 1147 347 1198 quo
391 1133 560 1185 modo
609 1133 954 1192 conveniant,
997 1147 1109 1193 non
1156 1146 1290 1184 sane
1333 1132 1613 1195 intellego,

302 1208 498 1260 Utrum
534 1208 702 1271 igitur
739 1208 837 1259 tibi
873 1221 985 1258 non
1022 1206 1216 1270 placet,
1253 1208 1445 1270 inquit,
1481 1207 1772 1258 virtutisne
1805 1212 1924 1258 tan-

237 1288 350 1334 tam
381 1296 505 1334 esse
537 1283 665 1341 vim,
696 1287 758 1333 ut
789 1281 861 1332 ad
893 1281 1053 1333 beate
1085 1281 1387 1332 vivendum
1417 1295 1475 1332 se
1509 1281 1633 1344 ipsa
1666 1286 1923 1332 contenta
1950 1297 1994 1332 15

239 1357 347 1408 sit?
392 1371 478 1423 an,
516 1357 562 1408 si
597 1356 655 1406 id
691 1355 912 1419 probas,
948 1355 1072 1407 fieri
1107 1356 1185 1407 ita
1217 1369 1384 1419 posse
1419 1369 1609 1419 negas,
1647 1360 1708 1406 ut
1742 1355 1795 1413 ii,
1828 1355 1921 1418 qui

235 1431 454 1482 virtutis
490 1436 777 1493 compotes
811 1431 935 1489 sint,
970 1430 1136 1495 etiam
1171 1429 1332 1480 malis
1365 1429 1699 1492 quibusdam
1733 1427 1925 1480 affecti

236 1505 383 1556 beati
423 1505 570 1556 sint?

304 1578 421 1643 Ego
452 1593 585 1630 vero
618 1578 749 1630 volo
782 1578 837 1628 in
868 1579 1071 1630 virtute
1103 1578 1216 1629 vim
1248 1591 1371 1629 esse
1401 1592 1566 1641 quam
1599 1578 1924 1636 maximam;

240 1653 337 1705 sed
370 1659 577 1716 quanta
610 1653 679 1704 sit
709 1652 872 1710 alias;
902 1666 1050 1704 nunc
1079 1658 1293 1703 tantum
1325 1652 1574 1715 possitne
1600 1665 1723 1703 esse
1756 1657 1924 1710 tanta,
1950 1670 1996 1706 20

241 1728 286 1778 si
325 1728 618 1790 quicquam
659 1732 814 1778 extra
850 1727 1110 1778 virtutem
1147 1726 1417 1778 habeatur
1454 1727 1509 1776 in
1548 1725 1725 1777 bonis.

305 1801 489 1865 Atqui,
529 1802 720 1864 inquit,
763 1801 809 1852 si
849 1800 1048 1852 Stoicis
1090 1800 1346 1852 concedis
1387 1806 1447 1852 ut
1485 1800 1661 1851 virtus
1700 1799 1834 1859 sola,
1878 1800 1924 1850 si

240 1875 402 1935 adsit,
434 1876 607 1926 vitam
642 1874 855 1927 efficiat
887 1875 1122 1933 beatam,
1157 1874 1414 1926 concedis
1448 1875 1614 1925 etiam
1649 1874 1926 1937 Peripate-

241 1950 377 2001 ticis.
415 1962 556 2013 quae
583 1949 728 2000 enim
754 1948 902 1999 mala
927 1948 1006 1999 illi
1033 1962 1145 1999 non
1171 1948 1379 1999 audent
1399 1948 1698 2012 appellare,
1727 1961 1926 2011 aspera

240 2029 424 2075 autem
469 2029 522 2075 et
565 2022 919 2074 incommoda
961 2027 1015 2074 et
1057 2022 1335 2073 reicienda
1377 2029 1431 2074 et
1474 2022 1656 2073 aliena
1694 2027 1925 2073 naturae
1951 2042 1996 2076 25

241 2111 364 2149 esse
403 2097 726 2156 concedunt,
766 2111 833 2148 ea
870 2111 974 2148 nos
1013 2096 1162 2147 mala
1202 2097 1451 2165 dicimus,
1492 2096 1590 2147 sed
1627 2097 1830 2160 exigua
1868 2102 1926 2151 et

242 2185 418 2235 paene
449 2172 692 2222 minima.
738 2185 907 2234 quare
941 2171 986 2222 si
1020 2176 1205 2235 potest
1236 2184 1359 2222 esse
1393 2170 1588 2222 beatus
1617 2171 1680 2230 is,
1717 2171 1809 2234 qui
1842 2175 1927 2221 est

242 2246 297 2296 in
332 2246 545 2309 asperis
582 2245 983 2308 reiciendisque
1018 2245 1198 2304 rebuS,
1234 2250 1418 2308 potest
1453 2245 1501 2295 is
1538 2258 1758 2308 quoque
1789 2257 1926 2303 esse,

244 2320 335 2383 qui
370 2325 454 2371 est
488 2320 543 2370 in
577 2320 764 2382 parvis
798 2319 975 2370 malis.

309 2392 374 2444 Et
404 2407 535 2457 ego:
569 2393 712 2452 Piso,
745 2393 985 2456 inquam,
1019 2393 1065 2444 si
1098 2398 1181 2444 est
1215 2394 1522 2456 quisquam,
1552 2393 1644 2456 qui
1679 2398 1838 2443 acute
1870 2393 1925 2442 in
1952 2412 1998 2447 30

245 2467 426 2518 causis
466 2467 656 2519 videre
699 2466 876 2519 soleat
917 2480 1059 2530 quae
1099 2480 1187 2521 res
1229 2472 1441 2530 agatur,
1483 2467 1530 2529 is
1568 2480 1628 2517 es
1673 2466 1924 2528 profecto

244 2547 318 2592 tu.
368 2554 537 2606 quare
576 2540 814 2600 attende,
853 2554 1077 2604 quaeso
1126 2555 1254 2591 nam
1293 2541 1489 2599 adhuc,
1527 2554 1652 2592 meo
1688 2540 1926 2592 fortasse

244 2615 396 2674 vitio,
439 2614 571 2678 quid
616 2628 721 2678 ego
766 2628 1027 2678 quaeram
1069 2629 1181 2666 non
1224 2615 1508 2678 perspiciS.
1595 2658 1598 2660 ,

279 2802 284 2806 .
321 2765 347 2804 2
381 2762 514 2813 haec]
548 2765 622 2806 hic
653 2764 737 2806 BE
872 2765 900 2805 4
931 2765 1047 2805 haec
1079 2765 1222 2805 etiam
1253 2764 1291 2804 B
1428 2764 1456 2804 6
1488 2760 1674 2812 dictum]
1703 2774 1752 2814 ρ.
1778 2767 1867 2812 161,
1887 2767 1933 2803 11

247 2828 352 2863 -21
495 2823 545 2864 11
581 2827 807 2874 repugnet
837 2823 967 2865 BER
1107 2823 1160 2863 12
1194 2820 1342 2872 malis]
1376 2823 1526 2864 modis
1557 2822 1640 2862 BE
1778 2821 1834 2862 14
1865 2823 1934 2862 in-

247 2884 345 2932 quit
376 2893 471 2930 non
504 2883 655 2932 placet
685 2882 769 2923 BE
859 2893 964 2924 esse
995 2885 1167 2923 tantam
1199 2882 1286 2922 BE
1409 2881 1462 2923 17
1494 2881 1770 2931 quibusdam
1804 2880 1937 2921 malls

246 2939 330 2981 BE
450 2941 507 2982 27
541 2952 662 2991 pene
693 2941 885 2983 BENV
917 2952 1050 2992 porro
1086 2941 1125 2983 R
