2046 3138
256 142 359 193 148
436 167 438 170 v
674 132 760 180 DE
791 129 1045 180 Fluissus
1078 130 1228 208 Bou.
1261 129 1340 177 ET
1372 130 1524 178 MAL.
1623 134 1791 177 anv
1807 132 2033 177 c.22—-24

252 278 313 325 ut
335 273 402 323 iis
426 271 837 335 responderem,
862 271 1039 330 dares
1063 270 1170 321 nisi
1188 275 1242 321 et
1263 275 1315 322 te
1337 268 1531 320 audire
1550 282 1698 319 nunc
1717 268 1939 319 mallem

228 353 307 398 >et
347 347 468 398 istis
510 352 695 399 tamen
736 345 847 396 alio
889 351 1138 408 tempore
1173 357 1545 407 responsurus
1584 356 1781 401 essem,
1822 348 1939 419 tum

255 421 475 480 scilicet,
514 434 637 471 cum
675 420 790 472 tibi.
1263 423 1265 425 ’

165 508 234 558 23
324 495 521 558 Atque,
554 496 599 546 si
632 508 825 546 verum
857 493 1194 557 respondere
1224 492 1413 552 velles,
1441 491 1592 550 Cat0,
1623 492 1760 542 haec
1787 497 1942 542 erant

163 1777 220 1818 63

163 2592 219 2633 64

254 569 504 628 dicenda,
551 583 664 620 non
713 582 810 620 eos
859 568 957 619 tibi
1004 581 1116 618 non
1160 567 1441 630 probatos,
1490 567 1658 618 tantis
1705 566 1941 629 ingeniis
1989 581 2012 615 5

252 645 505 695 homines
547 648 811 706 tantaque
853 642 1195 700 auctoritate,
1238 641 1336 692 sed
1378 646 1431 692 te
1466 639 1941 698 animadvertisse,

253 732 392 782 quas
420 732 508 769 res
537 717 617 768 illi
646 722 872 781 propter
900 717 1285 780 antiquitatem
1310 729 1506 778 parum
1532 714 1819 772 vidissent,
1846 727 1942 764 eas

253 807 286 843 a
310 792 510 844 Stoicis
538 805 662 843 esse
690 797 1026 855 perspectas,
1054 790 1376 853 eisdemque
1406 789 1475 840 de
1497 789 1661 839 rebus
1688 788 1791 839 hos
1819 801 1942 839 cum

253 868 469 918 acutius
517 867 862 924 disseruisse,
910 871 1026 916 tum
1073 865 1315 916 sensisse
1360 864 1587 927 gravius
1620 868 1682 914 et
1726 862 1941 920 fortius,

252 942 459 1004 quippe
503 942 595 1004 qui
641 941 880 1004 primum
922 939 1287 990 valitudinem
1331 939 1534 989 bonam
1574 936 1941 1000 expetendam
1968 953 2012 989 10

251 1021 455 1079 negent
500 1029 638 1074 esse,
685 1014 1001 1078 eligendam
1048 1013 1247 1072 dicant,
1293 1026 1396 1063 nec
1435 1013 1564 1075 quia
1608 1011 1815 1063 bonum
1872 1011 1943 1062 sit

253 1090 454 1148 valere,
488 1089 586 1141 sed
622 1090 752 1152 quia
785 1089 855 1140 sit
887 1102 999 1139 non
1025 1087 1199 1139 nihilo
1231 1086 1640 1138 aestimandum
1674 1114 1736 1121 -
1763 1099 1943 1149 neque

254 1170 438 1215 tamen
474 1164 648 1227 pluris
689 1161 894 1228 [quam]
931 1162 1041 1213 illis
1076 1161 1310 1220 videtur,
1342 1162 1434 1224 qui
1469 1160 1606 1211 illud
1641 1174 1752 1211 non
1786 1159 1943 1210 dubi-

254 1244 372 1289 tant
402 1238 610 1289 bonum
646 1237 828 1288 dicere
860 1253 946 1295 —;
979 1237 1086 1287 hoc
1109 1250 1242 1287 vero
1275 1241 1328 1287 te
1360 1235 1502 1286 ferre
1531 1248 1642 1286 non
1677 1235 1942 1297 potuisse,

254 1312 403 1375 quod
457 1312 670 1375 antiqui
724 1311 803 1361 illi
857 1311 1016 1374 quasi
1069 1310 1300 1368 barbati,
1348 1315 1409 1360 ut
1460 1323 1564 1360 nos
1618 1308 1687 1359 de
1735 1309 1941 1359 nostris
1969 1326 2011 1360 15

254 1386 498 1438 solemus
536 1386 732 1444 dicere,
771 1385 1117 1443 crediderint,
1153 1385 1288 1442 eiuS,
1328 1385 1420 1446 qui
1450 1383 1683 1434 honeste
1716 1382 1942 1440 viveret,

254 1461 299 1512 si
348 1461 494 1512 idem
545 1461 711 1512 etiam
759 1459 899 1511 bene
945 1458 1171 1517 valeret,
1214 1458 1354 1509 bene
1401 1457 1632 1515 audiret,
1681 1458 1942 1519 copiosus

253 1540 414 1593 esset,
453 1534 841 1598 optabiliorem
880 1533 1001 1584 fore
1037 1533 1209 1584 vitam
1247 1531 1642 1595 melioremque
1674 1537 1727 1582 et
1763 1531 1942 1594 magis

252 1609 621 1672 expetendam
659 1622 825 1671 quam
863 1607 1028 1666 illius,
1066 1607 1159 1670 qui
1196 1619 1372 1670 aeque
1401 1606 1486 1656 vir
1521 1605 1701 1656 bonus
1738 1600 1942 1656 ‘multis

253 1682 451 1738 modis'
487 1691 653 1745 esset,
690 1691 749 1736 ut
780 1685 936 1735 Ennii
968 1684 1249 1743 Alcmaeo,
1281 1679 1702 1733 ‘circumventus
1735 1682 1943 1740 morb0,
1968 1697 2014 1732 20

254 1761 415 1812 exilio
451 1766 615 1824 atque
648 1756 872 1823 inopia'.
928 1759 1003 1810 illi
1044 1760 1204 1822 igitur
1241 1759 1450 1821 antiqui
1490 1771 1603 1808 non
1641 1762 1752 1807 tam
1786 1761 1943 1806 acute

254 1832 641 1896 optabiliorem
673 1831 826 1882 illam
861 1831 1034 1882 vitam
1064 1836 1276 1892 putant,
1309 1829 1784 1892 praestantiorem,
1816 1829 1944 1878 bea·

255 1908 466 1965 tiorem,
503 1905 672 1957 Stoici
711 1910 896 1956 autem
935 1909 1149 1955 tantum
1186 1903 1356 1954 modo
1396 1901 1847 1966 praeponendam
1886 1902 1941 1951 in

255 1980 559 2044 seligendo,
599 1994 710 2031 non
752 1993 862 2043 quo
903 1979 1116 2030 beatior
1156 1992 1222 2029 ea
1261 1979 1377 2029 vita
1419 1978 1503 2036 sit,
1540 1976 1638 2027 sed
1680 1976 1830 2039 quod
1867 1976 1937 2026 ad

251 2061 506 2107 naturam
537 2054 1023 2106 accommodatior.
1965 2069 2011 2104 25

326 2129 405 2188 Et,
450 2130 542 2192 qui
588 2130 867 2192 sapientes
909 2142 1021 2179 non
1066 2129 1188 2186 sint,
1226 2122 1419 2178 omn¹es
1462 2140 1638 2189 aeque
1679 2139 1803 2176 esse
1841 2125 1942 2174 mi-

254 2218 423 2262 serOS,
474 2203 643 2255 Stoici
694 2203 808 2254 hoc⁴
845 2202 1106 2253 videlicet
1154 2201 1427 2259 viderunt,
1472 2200 1604 2251 illos⁴
1648 2205 1833 2251 autem
1884 2199 1939 2249 id

252 2278 474 2342 fugerat
515 2279 844 2340 superiores,
888 2277 980 2340 qui
1023 2272 1205 2342 (non)
1245 2275 1654 2326 arbitrabantur
1687 2274 1940 2324 homines

253 2352 551 2418 sceleribus
597 2357 651 2403 et
696 2351 1006 2414 parricidiis
1050 2351 1369 2413 inquinatos
1413 2348 1587 2399 nihilo
1626 2348 1939 2398 miseriores

251 2440 375 2477 esse
402 2440 567 2489 quam
595 2439 710 2484 eOS,
735 2426 843 2488 qui,
870 2439 993 2475 cum
1022 2430 1170 2474 caste
1197 2429 1253 2474 et
1279 2424 1492 2487 integre
1516 2423 1779 2480 viverent,
1805 2435 1940 2472 non-
1965 2439 2011 2475 30

253 2500 386 2551 dum
420 2499 722 2564 perfectam
757 2499 909 2549 illam
944 2498 1274 2561 sapientiam
1308 2502 1494 2548 essent
1522 2496 1817 2547 consecuti.
1861 2501 1941 2546 at-

252 2588 357 2638 que
395 2574 502 2625 hoc
538 2573 661 2625 loco
690 2567 1091 2624 'similitudines
1130 2585 1240 2630 eaS,
1275 2571 1475 2635 quibus
1513 2570 1592 2620 illi
1630 2571 1709 2621 uti
1745 2569 1938 2628 solent,

252 2648 653 2699 dissimillimas
688 2646 1028 2710 proferebas.
1075 2647 1198 2709 quis
1231 2646 1375 2696 enim
1410 2646 1644 2708 ignorat,
1673 2645 1718 2694 si
1752 2643 1938 2706 plures

326 2790 353 2831 8
386 2802 489 2832 cum
521 2791 610 2832 BN
642 2794 736 2832 tum
768 2791 900 2832 ERV
1046 2790 1100 2831 13
1134 2789 1275 2839 pluris
1306 2781 1370 2828 N²
1402 2788 1554 2837 plures
1676 2787 1763 2826 del.
1800 2784 1880 2825 Gz.

254 2851 308 2891 16
341 2852 630 2892 crediderunt
659 2851 798 2892 RNV
919 2849 977 2890 24
1008 2849 1251 2899 seligendo
1284 2849 1387 2889 edd.
1421 2857 1473 2888 se
1503 2845 1704 2895 legendo
1820 2855 1877 2884 ea
1901 2844 1942 2885 V

251 2921 309 2950 ex
451 2910 508 2950 26
540 2921 644 2951 esse
676 2922 765 2951 om.
798 2909 879 2950 BE
1008 2908 1066 2949 28
1098 2910 1209 2949 add.
1242 2906 1313 2948 Se.
1446 2905 1499 2946 31
1536 2905 1658 2945 illam
1693 2904 1939 2954 perfectam

250 2969 333 3009 BE
454 2970 510 3011 33
544 2966 824 3019 proferebas]
855 2981 903 3020 p.
930 2971 1019 3018 107,
1042 2972 1095 3007 23
1119 2978 1218 3018 sqq.
