2046 3138
0 122 28 179 ς
54 124 230 169 58—-62
446 152 449 154 -
511 118 596 167 DE
629 116 882 166 FINIBUS
917 114 1066 165 BON.
1101 114 1178 164 ET
1213 113 1364 164 MAL.
1690 119 1792 174 113

93 265 246 327 plura
280 264 545 315 contraria
578 267 672 313 aut
705 262 817 313 fore
850 261 1116 319 videntur,
1150 261 1311 311 huius
1346 259 1587 311 officium
1616 264 1696 308 est
1723 259 1792 308 de

92 341 205 389 vita
249 338 527 389 excedere.
601 352 666 388 ex
712 351 822 400 quo
868 341 1095 399 apparet
1140 341 1193 386 et
1232 336 1494 397 sapientis
1537 347 1659 384 esse
1699 333 1793 382 ali-

93 414 316 477 quando
363 413 603 464 officium
651 411 914 462 excedere
957 425 987 461 e
1026 412 1153 469 vita,
1206 425 1330 460 cum
1372 410 1566 460 beatus
1610 410 1692 467 sit,
1742 413 1794 458 et

93 488 239 539 stulti
273 501 494 538 manere
528 488 582 536 in
615 488 742 544 vita,
777 500 900 535 cum
933 487 1002 535 sit
1035 486 1211 535 miser.
1268 499 1395 534 nam
1423 484 1632 535 bonum
1659 482 1792 532 illud
1827 487 1878 528 61

43 574 66 609 5
92 568 144 613 et
177 563 398 620 malurn,
441 561 591 624 quod
637 574 805 622 saepe
839 562 947 610 iam
982 560 1187 609 dictum
1230 565 1325 618 est,
1368 564 1562 622 postea
1603 572 1794 609 conse-

93 639 285 700 quitur,
320 638 493 699 prima
525 641 710 685 autem
738 634 832 684 illa
856 639 1081 684 naturae
1108 636 1225 684 sive
1252 634 1498 684 secunda
1523 634 1640 683 sive
1667 647 1794 684 con-

90 713 248 762 traria
281 712 383 761 sub
410 711 673 761 iudicium
700 711 964 772 sapientis
992 714 1045 759 et
1070 708 1329 759 dilectum
1358 709 1573 767 cadunt,
1602 713 1794 771 estque

90 786 184 836 illa
201 786 449 836 subiecta
467 786 623 848 quasi
644 786 872 834 materia
890 785 1210 846 sapientiae.
1251 785 1437 846 itaque
1464 788 1516 834 et
1533 782 1794 833 manendi

90 862 145 911 in
176 862 291 911 vita
332 866 384 911 et
423 859 693 924 migrandi
734 860 869 909 ratio
913 860 1092 910 omnis
1126 859 1190 908 iis
1232 859 1409 917 rebuS,
1451 872 1589 921 quas
1631 871 1795 919 supra

24 947 68 982 10
92 936 219 995 dixi,
261 935 555 986 metienda.
618 949 747 984 narn
789 948 971 997 neque
1012 935 1208 983 virtute
1249 935 1506 983 retinetur
1537 926 1700 995 (ille)
1741 934 1795 981 in

90 1011 217 1069 vita,
250 1024 355 1060 nec
389 1011 468 1069 iis,
503 1011 596 1072 qui
630 1011 748 1059 sine
780 1011 976 1059 virtute
1011 1013 1150 1067 sunt,
1184 1023 1330 1058 mors
1358 1012 1439 1058 est
1465 1007 1795 1070 oppetenda.

92 1091 145 1136 et
187 1099 358 1148 saepe
400 1085 641 1135 officium
676 1089 758 1134 est
798 1085 1062 1152 sapientis
1103 1083 1407 1133 desciscere
1440 1096 1472 1131 a
1503 1084 1630 1140 vita,
1673 1096 1796 1131 cum

91 1161 159 1210 sit
192 1160 558 1218 beatissimus,
602 1160 646 1208 si
688 1159 742 1208 id
777 1163 1047 1221 oportune
1090 1158 1267 1208 facere
1301 1158 1489 1220 possit,
1531 1156 1681 1220 quod
1717 1161 1798 1206 est

92 1236 482 1286 convenienter
514 1239 754 1284 naturae.
817 1235 895 1283 sic
936 1235 1082 1283 enim
1125 1237 1364 1291 censent,
1414 1233 1797 1295 oportunitatis

24 1320 67 1356 15
93 1323 215 1360 esse
264 1310 425 1360 beate
467 1310 668 1360 vivere.
744 1311 929 1371 itaque
974 1322 1007 1358 a
1053 1309 1324 1370 sapientia
1370 1307 1695 1369 praecipitur
1739 1320 1798 1356 se

85 1386 282 1447 ipsam,
317 1386 361 1434 si
396 1398 529 1435 usus
563 1386 645 1443 sit,
679 1384 902 1446 sapiens
937 1387 995 1433 ut
1027 1382 1312 1445 relinquat.
1378 1395 1544 1444 quam
1580 1381 1651 1432 ob
1686 1395 1798 1431 rem

92 1473 215 1509 cum
240 1460 498 1510 vitiorum
525 1460 629 1509 ista
652 1459 738 1508 vis
764 1473 876 1509 non
905 1460 986 1517 sit,
1020 1462 1079 1508 ut
1105 1471 1330 1507 causam
1357 1456 1586 1507 afferant
1611 1456 1799 1507 mortis

90 1534 448 1593 voluntariae,
484 1534 833 1596 perspicuum
869 1538 951 1583 est
984 1534 1151 1583 etiam
1186 1532 1490 1590 stultorum,
1525 1532 1618 1594 qui
1652 1530 1799 1581 idem

90 1610 271 1659 miseri
305 1610 425 1668 sint,
461 1609 702 1660 officium
731 1622 853 1658 esse
887 1621 1111 1658 manere
1144 1609 1199 1657 in
1231 1608 1361 1665 vita,
1395 1607 1440 1656 si
1468 1607 1575 1656 sint
1607 1607 1661 1656 in
1688 1619 1800 1655 ma-

20 1685 204 1734 miore
240 1688 392 1746 parte
425 1697 601 1734 rerum
635 1697 836 1742 earum,
882 1696 1019 1745 quas
1053 1681 1359 1733 secundum
1393 1686 1643 1731 naturam
1678 1694 1801 1731 esse

93 1758 340 1809 dicimus,
399 1763 451 1809 et
485 1760 748 1822 quoniam
784 1757 1057 1808 excedens
1093 1771 1123 1807 e
1146 1757 1261 1807 vita
1287 1761 1339 1807 et
1364 1770 1595 1806 manens
1622 1769 1801 1819 aeque

92 1834 256 1884 miser
300 1838 383 1884 est
426 1847 529 1883 nec
573 1832 898 1883 diuturnitas
945 1833 1122 1896 magis
1172 1833 1221 1882 ei
1265 1833 1435 1881 vitam
1481 1830 1800 1894 fugiendam

91 1907 231 1967 facit,
256 1922 369 1959 non
395 1909 515 1958 sine
541 1921 709 1958 causa
734 1907 927 1957 dicitur
953 1908 1032 1966 iis,
1067 1907 1160 1970 qui
1188 1906 1434 1969 pluribus
1460 1905 1801 1956 naturalibus

90 1982 191 2032 frui
225 1984 450 2045 possint,
485 1996 608 2033 esse
640 1983 695 2032 in
727 1983 842 2032 vita
872 1981 1226 2032 manendum.

5 2066 68 2103 '25
165 2057 436 2108 Pertinere
477 2062 661 2108 autem
703 2057 773 2107 ad
814 2071 927 2107 rem
961 2056 1281 2106 arbitrantur
1321 2055 1565 2119 intellegi
1598 2059 1792 2105 natura
1816 2021 1892 2131 152

91 2131 206 2182 fieri
239 2136 298 2181 ut
330 2131 483 2182 liberi
517 2145 550 2181 a
583 2131 899 2194 parentibus
941 2135 1205 2181 amentur.
1270 2144 1303 2180 a
1338 2143 1449 2193 quo
1492 2131 1646 2180 initio
1683 2143 1802 2192 pro-

92 2206 290 2257 sectam
333 2219 685 2257 communem
728 2206 955 2255 humani
1000 2206 1216 2268 generis
1262 2206 1582 2255 societatem
1625 2218 1805 2266 perse·

94 2282 323 2343 quimur.
380 2280 530 2343 quod
569 2282 802 2342 primum
836 2279 1082 2342 intellegi
1116 2279 1282 2330 debet
1314 2278 1489 2342 figura
1522 2279 1804 2328 membris-

96 2369 204 2418 que
237 2369 542 2418 corporum,
577 2368 720 2417 quae
754 2356 875 2416 ipsa
901 2354 1179 2404 declarant
1206 2352 1527 2416 procreandi
1554 2367 1587 2403 a
1612 2358 1805 2403 natura

24 2439 70 2475 ao
95 2430 339 2480 habitam
375 2443 498 2480 esse
531 2430 815 2480 rationem.
880 2442 1063 2491 neque
1087 2442 1219 2479 vero
1255 2428 1394 2478 haec
1426 2429 1563 2478 inter
1589 2442 1649 2478 se
1677 2442 1805 2478 con-

94 2517 285 2568 gruere
330 2509 571 2566 possent,
615 2509 673 2553 ut
717 2508 910 2553 natura
951 2508 1004 2553 et
1043 2504 1311 2566 procreari
1344 2502 1511 2553 vellet
1554 2507 1607 2553 et
1647 2502 1805 2566 diligi

91 2583 407 2641 procreatos
441 2593 554 2629 non
588 2583 809 2628 curaret.
874 2582 1040 2640 atque
1074 2578 1239 2627 etiam
1274 2578 1329 2627 in
1372 2577 1560 2628 bestiis
1593 2579 1676 2627 vis
1710 2591 1804 2627 na-

171 2726 197 2766 2
231 2737 289 2767 ex
320 2736 414 2776 quo
448 2725 541 2767 RV
573 2736 600 2766 e
633 2736 726 2776 quo
761 2722 926 2775 (equo)
1065 2724 1092 2765 8
1126 2726 1314 2766 materie
1346 2724 1430 2765 BE
1552 2724 1579 2764 9
1612 2725 1668 2764 iis
1701 2725 1805 2765 edd.

99 2786 147 2825 in
178 2785 220 2827 V
251 2786 323 2827 his
463 2785 520 2825 10
553 2786 665 2826 add.
699 2784 770 2826 Se.
911 2784 961 2825 11
1000 2781 1096 2835 qui]
1131 2795 1223 2834 que
1255 2783 1387 2825 BER
1537 2784 1590 2824 12
1624 2787 1669 2824 et
1704 2783 1806 2826 Urs.

97 2848 149 2885 ut
250 2845 306 2886 14
339 2848 530 2886 naturae
562 2846 629 2885 sic
654 2843 691 2884 B
725 2847 915 2885 naturae
939 2844 1095 2885 vivere
1123 2845 1190 2885 sic
1224 2839 1386 2893 (etlam
1412 2841 1467 2894 E)
1569 2843 1627 2885 20
1652 2855 1806 2885 earum

102 2914 246 2981 rerum
279 2904 368 2945 BE
498 2904 554 2944 22
590 2904 737 2954 magis
770 2901 832 2953 el]
868 2905 911 2944 ei
945 2900 1011 2954 (et
1042 2901 1097 2955 Ε)
1131 2904 1278 2954 magis
1310 2903 1392 2943 BE
1526 2903 1577 2945 31
1616 2906 1809 2953 possent

105 2962 145 3003 N
201 2965 382 3013 possint

184 3038 271 3077 Cle.
296 3040 341 3075 43
1483 3037 1509 3078 8
