2046 3138
63 359 118 401 64

150 145 219 195 23
572 138 658 183 DE
689 136 942 183 FlNlssus
975 136 1125 183 BON.
1159 137 1236 183 ET
1269 137 1421 184 MAL.
1555 142 1925 185 uniam-20

152 285 359 344 gentur,
384 293 685 342 numquam
713 277 875 328 ullius
902 278 1305 330 orationevicti
1329 279 1600 329 sententia
1626 279 1850 331 desiste-

153 369 290 406 muS.
338 354 442 404 nisi
462 359 645 404 autem
664 367 842 404 rerum
860 356 1054 403 natura
1072 358 1357 416 perspecta
1374 354 1485 412 erit,
1510 353 1662 405 nullo
1681 354 1849 405 modo

155 429 452 499 poterimus
485 442 746 479 sensuum
789 427 990 477 iudicia
1023 427 1331 479 defendere.
1395 428 1655 491 quicquid
1690 442 1849 492 porro

154 504 339 554 animo
374 504 660 562 cernimuS‚
692 503 748 552 id
782 515 948 553 omne
982 503 1146 553 oritur
1179 516 1211 552 a
1236 501 1513 560 sensibus;
1546 503 1639 565 qui
1665 503 1710 552 si
1736 517 1851 553 om-

154 592 252 629 nes
281 577 394 628 veri
421 582 590 637 erunt,
623 581 682 627 ut
705 576 919 639 Epicuri
945 577 1080 627 ratio
1107 577 1282 635 docet,
1315 581 1430 626 tum
1458 577 1697 640 denique
1730 582 1847 640 pot·
1898 589 1920 623 5

156 653 252 703 erit
299 652 507 715 aliquid
556 652 817 715 cognosci
867 656 919 701 et
961 651 1179 715 percipi.
1248 665 1389 714 quos
1431 652 1524 714 qui
1566 651 1761 702 tollunt
1801 656 1854 702 et

155 727 288 777 nihil
323 741 489 789 posse
522 727 725 789 percipi
759 725 960 786 dicunt,
993 727 1028 775 ii
1062 726 1284 777 remotis
1310 726 1563 776 sensibus
1596 740 1666 776 ne
1693 726 1746 775 id
1774 727 1851 788 ip-

154 816 275 851 sum
318 801 541 864 quidem
584 801 841 863 expedire
874 805 1121 863 possunt,
1165 800 1315 863 quod
1350 800 1636 851 disserunt.
1701 814 1851 862 prae-

155 882 302 928 terea
332 876 550 927 sublata
581 875 898 939 cognitione
932 880 986 926 et
1016 875 1245 925 scientia
1276 874 1478 925 tollitur
1511 875 1692 924 omnis
1716 875 1852 924 ratio

156 956 208 1002 et
231 952 378 1001 vitae
403 949 694 1014 degendae
720 955 773 1000 et
804 963 982 1000 rerum
1016 949 1394 1013 gerendarum.
1451 950 1529 999 sic
1555 963 1584 999 e
1611 949 1851 1013 physicis
1881 960 1923 995 10

156 1031 208 1076 et
239 1025 497 1076 fortitudo
533 1025 761 1075 sumitur
793 1030 981 1075 contra
1012 1025 1201 1076 mortis
1226 1024 1476 1075 timorem
1512 1028 1564 1074 et
1598 1029 1852 1074 constan-

156 1101 230 1150 tia
270 1105 458 1150 contra
497 1104 702 1150 metum
743 1098 1025 1163 religionis
1058 1103 1110 1149 et
1141 1098 1354 1149 sedatio
1396 1099 1564 1148 animi
1606 1099 1852 1149 omnium

155 1189 331 1226 rerum
366 1174 699 1225 occultarum
734 1174 1078 1237 ignoratione
1111 1173 1327 1223 sublata
1353 1178 1405 1223 et
1429 1172 1733 1223 moderatio
1759 1186 1854 1222 na-·

157 1254 275 1299 tura
307 1249 665 1312 cupiditatum
699 1241 1104 1312 generibusque
1138 1262 1323 1298 earum
1359 1247 1655 1310 explicatiS,
1698 1252 1764 1306 et,
1798 1251 1856 1297 ut

158 1324 327 1376 modo
369 1323 548 1382 docui,
593 1323 923 1386 cognitionis
964 1322 1154 1386 regula
1198 1327 1250 1373 et
1294 1322 1496 1372 iudicio
1543 1322 1612 1372 ab
1659 1321 1853 1372 eadem
1882 1333 1924 1367 15

70 1426 140 1475 20
160 1398 252 1448 illa
285 1399 580 1450 constituto
613 1398 727 1448 veri
761 1411 794 1447 a
826 1397 964 1448 falso
999 1397 1274 1448 distinctio
1309 1397 1545 1447 traditur.

69 1498 125 1537 65

76 2592 132 2632 66

234 1472 420 1523 Restat
445 1473 599 1523 locus
625 1472 752 1522 huic
778 1472 1135 1535 disputationi
1152 1471 1241 1522 vel
1260 1472 1499 1521 maxime
1516 1471 1857 1521 necessarius
1936 1523 1940 1526 ,

165 1548 234 1598 de
267 1548 520 1606 amicitia,
554 1561 736 1610 quam,
770 1547 815 1597 si
839 1546 1098 1609 voluptas
1131 1560 1408 1596 summum
1435 1546 1502 1595 sit
1528 1546 1752 1604 bonum,
1785 1545 1858 1594 af-

165 1622 390 1673 firmatis
422 1621 630 1671 nullam
665 1622 892 1672 omnino
927 1621 1055 1672 fore.
1112 1621 1181 1671 de
1207 1635 1318 1684 qua
1341 1620 1601 1684 Epicurus
1635 1619 1857 1683 quidem

164 1698 238 1747 ita
271 1697 423 1755 dicit,
459 1697 706 1747 omnium
740 1710 940 1754 rerum,
974 1709 1111 1758 quas
1145 1695 1215 1745 ad
1249 1695 1410 1745 beate
1441 1694 1742 1745 vivendum
1776 1708 1858 1744 sa·
1883 1706 1927 1740 20

165 1772 370 1834 pientia
411 1771 821 1834 comparaverit,
865 1770 999 1820 nihil
1041 1783 1163 1821 esse
1209 1771 1386 1820 maius
1431 1770 1681 1827 amicitia,
1725 1768 1858 1818 nihil

164 1846 400 1904 uberiuS,
433 1845 567 1895 nihil
602 1845 907 1895 iucundius,
963 1858 1066 1895 nec
1096 1858 1228 1895 vero
1262 1844 1368 1895 hoc
1394 1844 1639 1895 oratione
1665 1843 1859 1902 solum,

164 1920 262 1971 sed
296 1920 468 1971 multo
503 1920 680 1983 magis
708 1920 821 1969 vita
855 1923 908 1970 et
939 1919 1092 1969 iactis
1121 1923 1173 1970 et
1197 1919 1441 1970 moribus
1468 1918 1859 1981 comprobavit.

163 1995 313 2058 quod
349 2009 514 2058 quam
549 2008 812 2058 magnum
853 1995 923 2044 sit
954 1993 1113 2044 fictae
1145 1998 1390 2044 veterum
1432 1993 1649 2042 fabulae
1683 1991 1860 2043 decla·

162 2074 293 2128 rant,
337 2070 391 2119 in
437 2069 637 2132 quibus
682 2073 793 2119 tam
844 2067 1027 2118 multis
1076 2073 1299 2131 tamque
1344 2068 1509 2118 variis
1562 2067 1631 2117 ab
1671 2066 1929 2117 ultima25

164 2145 488 2207 antiquitate
529 2144 770 2206 repetitis
811 2143 910 2193 tria
940 2142 1032 2192 vix
1073 2143 1372 2193 amicorum
1407 2143 1558 2205 paria
1588 2142 1861 2204 reperiun-

163 2223 259 2277 tur,
288 2223 348 2268 ut
365 2218 435 2268 ad
455 2216 704 2269 Orestem
731 2218 1019 2281 pervenias
1045 2216 1318 2280 proiectus
1342 2230 1375 2266 a
1392 2216 1624 2266 These0.
1657 2220 1711 2266 at
1727 2229 1858 2266 vero

165 2291 427 2355 Epicurus
455 2306 567 2343 una
592 2293 646 2342 in
666 2292 851 2351 domo,
878 2296 930 2342 et
955 2305 1022 2342 ea
1043 2291 1267 2355 quidem
1286 2295 1533 2354 angusta,
1558 2303 1723 2354 quam
1749 2303 1861 2339 ma-

163 2381 305 2430 gnos
322 2372 638 2430 quantaque
653 2367 854 2418 amoris
872 2366 1276 2429 conspiratione
1291 2365 1863 2416 consentientistenuit

166 2442 467 2492 amicorum
493 2443 710 2505 greges!
745 2440 896 2504 quod
922 2440 981 2490 fit
1000 2441 1163 2491 etiam
1188 2454 1335 2490 nunc
1353 2440 1422 2490 ab
1440 2439 1730 2502 Epicureis,
1763 2438 1860 2488 sed
1885 2450 1930 2484 30

166 2516 236 2565 ad
263 2529 376 2567 rem
402 2515 715 2574 redeamus;
741 2515 810 2566 de
836 2515 1152 2566 hominibus
1171 2515 1277 2565 dici
1302 2528 1415 2565 non
1439 2527 1666 2565 necesse
1692 2517 1787 2563 est.

241 2590 436 2641 Tribus
469 2590 631 2653 igitur
663 2590 843 2640 modis
875 2589 1041 2640 video
1077 2603 1198 2640 esse
1231 2603 1265 2639 a
1295 2589 1493 2639 nostris
1523 2588 1591 2638 de
1625 2587 1862 2637 amicitia

164 2665 514 2728 disputatum.
570 2663 660 2713 alii
695 2678 817 2713 curn
860 2677 954 2715 eas
986 2663 1312 2729 voluptateS,
1353 2676 1496 2726 quae
1537 2662 1606 2712 ad
1647 2662 1854 2712 amicos

237 2796 265 2838 3
300 2797 527 2847 quidquid
557 2796 643 2837 BE
794 2796 822 2836 6
854 2799 900 2837 et
931 2797 1104 2847 percipi
1138 2789 1203 2836 A²
1243 2798 1288 2836 et
1326 2795 1467 2845 recipi
1623 2793 1648 2834 7
1681 2793 1855 2843 percipi

166 2866 305 2905 posse
336 2855 419 2896 BE
452 2856 626 2906 percipi
659 2852 768 2906 (om.
802 2853 961 2906 posse)
994 2855 1031 2896 R
1177 2855 1232 2895 15
1264 2855 1322 2895 ab
1355 2854 1519 2896 eadem
1552 2853 1628 2893 illa
1660 2853 1689 2893 i.
1722 2863 1759 2894 e.
1793 2853 1855 2893 ab

162 2915 353 2966 Ερίοιινί
384 2917 571 2958 ratione
601 2912 664 2965 (υ.
689 2912 762 2965 5),·
798 2915 955 2966 regula
984 2915 1085 2956 Abl.
1208 2914 1264 2954 22
1298 2909 1404 2961 hoc]
1438 2913 1524 2953 hos
1557 2905 1759 2954 A¹BER

164 2974 220 3017 32
255 2971 405 3026 igitur]
440 2985 550 3026 ergo
583 2974 665 3016 BE
787 2985 813 3015 a
845 2975 1011 3017 nostris
1044 2985 1148 3016 esse
1181 2973 1260 3015 BE
