2046 3138
46 133 75 184 §
103 135 275 177 14—18
441 126 443 129 ⁴
556 130 642 176 DE
674 129 927 176 FINIBUS
961 129 1111 176 BON.
1145 130 1223 176 ET
1256 129 1408 176 MAL.
1730 136 1832 187 127

133 275 298 324 totius
333 273 571 324 hominis
607 271 894 323 custodem
929 276 982 322 et
1016 272 1432 334 procuratricem
1469 285 1591 322 esse
1615 270 1837 330 vellent,

135 361 278 411 quae
324 352 469 398 esset
512 351 737 397 naturae
778 359 976 397 comes·
1007 351 1060 396 et
1092 346 1340 405 adiutrix,
1386 347 1492 397 hoc
1534 346 1839 408 sapientiae

137 437 337 473 munus
371 436 493 473 esse
527 422 797 480 dicebant,
831 426 903 479 ut,
929 415 1127 484 <cum>
1153 434 1279 471 eum
1306 426 1556 479 tueretur,
1591 422 1685 483 qui
1712 435 1840 471 con-

137 502 300 548 staret
333 511 400 548 ex
434 498 619 548 animo
654 501 707 546 et
741 509 982 558 corpore,
1016 497 1071 546 in
1105 500 1338 558 utroque
1371 497 1582 546 iuvaret
1615 509 1742 546 eum
1776 509 1841 545 ac

91 584 114 618 5
139 573 452 623 contineret.
508 576 672 634 atque
706 572 781 621 ita
813 584 868 621 re
902 570 1218 633 simpliciter
1251 571 1425 632 primo
1461 570 1731 621 collocata
1762 584 1840 620 re-

135 647 286 710 liqua
310 646 560 697 subtilius
587 649 978 709 persequentes
1006 646 1246 708 corporis
1266 645 1415 696 bona
1432 645 1647 696 facilem
1667 659 1838 708 quan-

136 721 264 771 dam
298 723 566 773 rationem
599 721 801 771 habere
828 720 1152 778 censebant;
1187 719 1257 770 de
1292 721 1460 770 animi
1494 720 1655 771 bonis
1682 734 1839 770 accu-

136 797 302 846 ratius
343 795 701 859 exquirebant
741 797 795 845 in
838 796 1135 858 primisque
1176 795 1520 857 reperiebant
1560 795 1743 844 inesse
1784 795 1838 844 in

137 871 200 920 iis
234 871 471 921 iustitiae
512 871 725 921 semina
768 871 1036 933 primique
1079 883 1146 919 ex
1192 869 1450 919 omnibus
1493 869 1840 932 philosophis

72 957 115 992 ιο
138 950 332 995 natura
364 945 622 996 tributum
656 959 778 996 esse
813 944 1130 1003 docuerunt,
1163 948 1222 994 ut
1254 945 1305 1002 ii,
1340 945 1433 1007 qui
1468 945 1733 1007 procreati
1761 958 1842 994 es-

138 1024 274 1078 sent,
300 1033 334 1069 a
359 1020 794 1082 procreatoribus
821 1024 1144 1078 amarentur,
1171 1023 1238 1078 et,
1271 1019 1325 1068 id
1353 1019 1504 1081 quod
1531 1023 1840 1081 temporum

137 1094 328 1145 ordine
373 1095 649 1157 antiquius
694 1099 790 1153 est,
835 1099 894 1144 ut
937 1095 1196 1157 coniugia
1234 1094 1474 1144 virorum
1517 1098 1570 1144 et
1609 1108 1840 1144 uxorum

137 1173 329 1219 natura
362 1171 654 1220 coniuncta
687 1183 810 1220 esse
845 1168 1099 1227 dicerent,
1134 1182 1244 1231 qua
1277 1182 1344 1218 ex
1377 1169 1542 1231 stirpe
1576 1169 1842 1219 orirentur

137 1245 409 1294 amicitiae
451 1246 861 1307 cognationum.
931 1242 1114 1306 Atque
1160 1243 1229 1293 ab
1274 1242 1358 1293 his
1403 1243 1568 1293 initiis
1615 1243 1840 1306 profecti

70 1329 113 1363 15
138 1319 385 1369 omnium
429 1320 689 1369 virtutum
734 1324 787 1369 et
833 1319 1101 1382 originem
1146 1323 1200 1368 et
1243 1318 1686 1381 progressionem
1726 1331 1842 1380 per-

137 1394 308 1444 secuti
335 1398 475 1444 sunt.
526 1407 592 1443 ex
619 1407 730 1456 quo
757 1393 1082 1456 magnitudo
1110 1406 1335 1456 quoque
1361 1394 1530 1443 animi
1557 1393 1840 1451 existebat,

137 1481 247 1530 qua
279 1467 436 1518 facile
478 1474 667 1530 posset
707 1468 997 1531 repugnari
1039 1468 1343 1530 obsistique
1385 1467 1648 1526 fortunae,
1690 1467 1841 1530 quod

136 1543 410 1593 maximae
443 1557 527 1592 res
571 1547 755 1593 essent
794 1544 849 1593 in
891 1547 1163 1605 potestate
1208 1543 1487 1604 sapientis.
1549 1543 1841 1593 varietates

137 1622 321 1668 autem
356 1619 690 1680 iniuriasque
724 1617 972 1668 fortunae
1005 1617 1163 1667 facile
1195 1622 1444 1667 veterum
1481 1617 1841 1680 philosopho-

68 1702 114 1737 20
139 1706 256 1742 rum
275 1693 579 1754 praeceptis
598 1693 842 1742 instituta
857 1693 971 1742 vita
988 1691 1297 1755 superabat.
1345 1692 1627 1755 Principiis
1653 1696 1837 1742 autem

139 1779 173 1815 a
205 1772 398 1817 natura
430 1767 570 1817 datis
603 1766 993 1830 amplitudines
1028 1766 1303 1830 quaedam
1337 1766 1610 1817 bonorum
1644 1768 1842 1817 excita-

140 1841 335 1891 bantur
367 1843 560 1904 partim
595 1841 870 1904 profectae
904 1855 937 1892 a
966 1841 1432 1904 contemplatione
1458 1855 1636 1892 rerum
1663 1841 1842 1892 occul-

137 1917 349 1975 tiorum,
375 1916 527 1979 quod
555 1921 669 1967 erat
693 1918 887 1967 insitus
914 1918 1082 1981 menti
1111 1917 1441 1979 cognitionis
1469 1930 1636 1975 amor,
1671 1930 1701 1966 e
1728 1930 1839 1979 quo

138 1992 303 2041 etiam
336 1992 560 2042 rationis
587 1991 947 2054 explicandae
974 1991 1390 2054 disserendique
1417 1991 1688 2053 cupiditas
1714 2005 1842 2041 con-

70 2077 116 2113 25
139 2065 493 2128 sequebatur;
526 2066 790 2129 quodque
823 2066 930 2117 hoc
963 2066 1143 2118 solum
1178 2066 1381 2116 animal
1414 2069 1604 2116 natum
1634 2070 1717 2116 est
1745 2078 1841 2128 pu·-

140 2140 286 2191 doris
321 2154 385 2190 ac
407 2141 774 2192 verecundiae
800 2142 1070 2204 particeps
1098 2145 1478 2203 appetensque
1505 2141 1843 2191 coniunctio-

140 2229 271 2264 num
305 2214 591 2266 hominum
621 2215 692 2265 ad
718 2216 1038 2267 societatem
1065 2215 1621 2283 animadvertensque
1647 2216 1701 2264 in
1727 2228 1843 2266 orn-

139 2289 301 2340 nibus
333 2289 509 2349 rebuS,
543 2304 681 2353 quas
715 2295 901 2354 ageret
933 2295 1026 2340 aut
1059 2290 1275 2348 diceret,
1308 2294 1366 2339 ut
1398 2304 1468 2340 ne
1502 2290 1635 2352 quid
1669 2289 1738 2339 ab
1773 2303 1840 2341 eo

140 2363 292 2414 fieret
331 2365 435 2414 nisi
469 2364 700 2416 honeste
742 2379 806 2415 ac
847 2365 1059 2423 decore,
1100 2364 1184 2414 his
1218 2365 1398 2423 initiis,
1446 2369 1504 2415 ut
1544 2369 1670 2415 ante
1715 2364 1841 2423 dixi,

211 2496 238 2537 3
271 2498 383 2538 add.
417 2497 542 2538 Mdv.
673 2496 701 2537 8
733 2498 889 2538 inesse
919 2497 962 2538 R,
990 2498 1037 2537 in
1070 2508 1175 2538 esse
1207 2496 1300 2538 NV
1331 2508 1436 2539 esse
1468 2496 1550 2538 BE
1674 2498 1730 2538 22
1765 2508 1842 2538 oct

136 2555 358 2596 cultorum
390 2556 429 2598 R
534 2556 592 2597 26
625 2557 1004 2598 coniunctionum
1037 2556 1176 2598 RNV
1208 2557 1521 2598 coniunctium
1556 2553 1843 2606 (coniunctffi

132 2626 224 2666 pro
269 2613 1075 2667 coniunctffim=c0niunctionum)
1119 2615 1202 2657 BE
1353 2616 1410 2658 27
1444 2617 1503 2658 ad
1543 2617 1580 2658 R
1625 2620 1669 2658 et
1709 2616 1746 2657 B
1789 2628 1843 2659 ac

138 2674 224 2715 EN
233 2674 275 2716 V
425 2676 695 2716 societatem
727 2675 766 2717 R
803 2677 1076 2717 societatum
1116 2675 1301 2717 BENV
1339 2677 1397 2728 cf.
1429 2676 1494 2717 ΙΙΙ
1507 2681 1560 2717 66
1597 2677 1714 2718 inter
1755 2687 1843 2717 nos

139 2738 300 2775 natura
332 2735 392 2776 ad
423 2735 604 2777 civilem
638 2736 1014 2777 communitatem
1043 2736 1282 2777 coniuncti
1315 2739 1361 2777 et
1393 2737 1649 2777 consociati
1684 2747 1842 2777 sumus

139 2795 186 2834 et
205 2806 253 2845 p.
269 2798 358 2844 128,
374 2799 424 2835 15
435 2806 520 2846 sq„
547 2795 627 2835 ubi
648 2795 706 2835 de
728 2795 997 2845 cognitione
1018 2806 1163 2836 rerum
1190 2797 1382 2847 respicit
1406 2797 1471 2837 ad
1491 2808 1539 2846 p.
1555 2800 1711 2844 127,23
1728 2791 1843 2844 (erat

140 2853 303 2894 Insitus
336 2855 478 2896 menti
511 2854 793 2904 cognitionis
825 2852 971 2905 amor)
1004 2857 1052 2896 et
1083 2855 1141 2896 de
1174 2856 1504 2896 coniunctione
1536 2856 1721 2905 generis
1758 2855 1841 2895 hu·

141 2913 264 2953 mani
288 2915 354 2955 ad
373 2925 422 2965 p.
441 2918 530 2963 127,
545 2918 601 2954 26
615 2924 684 2965 sq.
711 2909 1109 2963 (coniunctionum
1135 2915 1374 2956 hominum
1401 2915 1461 2955 ad
1490 2911 1780 2965 societatem)

140 2970 197 3012 28
229 2975 307 3013 aut
337 2967 449 3014 RN*
480 2976 529 3014 ut
561 2967 772 3014 BEN¹V
893 2972 950 3014 29
983 2985 1038 3015 ac
1068 2973 1199 3016 BER
1231 2977 1277 3015 et
1307 2974 1399 3016 NV

1879 1695 1933 1735 18
