2046 3138
81 1307 134 1347 27

2019 26 2028 45 oe

171 124 280 176 168,
416 172 417 175 ¹
587 117 673 163 DE
705 116 969 165 FINIBUS·
991 115 1141 164 BON.
1175 116 1253 162 ET
1286 116 1438 163 MAL.
1582 122 1943 165 Lib.Vc.9--10
2016 117 2027 176 ξ

167 252 584 313 communis,'et
627 255 849 318 quidem
889 269 1001 306 non
1043 254 1223 307 solum
1265 256 1320 305 in
1361 254 1710 313 animalibus,
1751 255 1850 306 sed

166 330 328 395 etiarn
373 330 427 379 in
470 329 635 380 rebus
676 329 934 380 omnibus
973 329 1056 388 iis,
1099 341 1238 392 quas
1277 335 1476 380 natura
1514 328 1627 388 alit,
1667 335 1850 393 auget,

167 408 364 459 tuetur,
397 403 452 453 in
488 403 688 466 quibus
719 403 976 454 videmus
1008 417 1088 462 ea,
1124 417 1265 467 quae
1296 404 1600 467 gignuntur
1630 416 1661 454 e
1694 408 1852 461 terra,

166 476 341 528 multa
382 477 625 539 quodam
667 477 836 528 modo
878 477 1105 528 efficere
1144 478 1268 541 ipsa
1310 477 1414 529 sibi
1455 491 1553 541 per
1594 491 1667 536 se,
1710 491 1851 540 quae

166 554 235 604 ad
245 555 545 605 vivendum
564 552 1032 614 cresoendumque
1061 551 1298 610 valeant,
1320 557 1382 603 ut
1397 549 1522 618 <in>
1539 566 1640 603 suo
1655 565 1855 615 genere
1901 568 1925 603 5

167 626 491 688 perveniant
528 625 600 676 ad
639 631 969 683 extremum;
1016 631 1078 677 ut
1113 626 1222 676 iam
1262 625 1423 677 liceat
1458 640 1570 676 una
1608 639 1854 689 compre-

166 699 432 751 hensione
471 700 659 751 omnia
699 699 988 763 complecti
1026 713 1138 751 non
1178 699 1632 763 dubitantemque
1674 698 1855 750 dicere

164 787 384 824 omnem
432 780 688 824 naturam
736 787 860 825 esse
907 773 1260 826 servatricem
1310 774 1395 824 sui
1439 773 1607 836 idque
1652 773 1855 825 habere

167 849 517 911 propositum
553 849 710 911 quasi
746 848 917 899 finem
951 853 1005 899 et
1036 853 1357 907 extremum,
1393 861 1452 899 se
1486 854 1545 899 ut
1579 848 1855 899 custodiat

168 936 332 985 quam
386 923 441 972 in
495 923 707 985 optimo
760 923 845 974 sui
896 922 1116 986 generis
1170 928 1343 979 statu;
1395 928 1455 974 ut
1505 935 1731 973 necesse
1785 923 1855 973 sit
1883 939 1926 976 ιο

168 997 414 1046 omnium
466 1010 662 1055 rerum,
716 1011 857 1060 quae
906 1002 1105 1048 natura
1153 997 1393 1059 vigeant,
1447 996 1681 1048 similem
1733 1010 1855 1047 esse

168 1070 354 1129 finem,
402 1085 512 1121 non
544 1071 815 1122 eundem.
871 1085 939 1122 ex
986 1085 1095 1134 quo
1143 1070 1388 1134 intellegi
1437 1068 1600 1122 debet
1644 1070 1854 1121 homini

168 1142 223 1194 id
261 1158 385 1196 esse
423 1146 477 1195 in
514 1145 675 1196 bonis
711 1144 982 1203 ultimum,
1022 1145 1326 1196 secundum
1363 1151 1617 1196 naturam
1653 1145 1855 1203 vivere,

169 1219 316 1281 quod
373 1220 450 1270 ita
503 1220 950 1283 interpretemur:
1002 1220 1189 1270 vivere
1241 1233 1309 1270 ex
1364 1219 1604 1270 hominis
1656 1224 1856 1270 natura

168 1293 414 1356 undique
445 1293 691 1357 perfecta
721 1299 775 1345 et
803 1293 938 1344 nihil
969 1294 1294 1357 requirente.
1336 1293 1473 1344 haec
1500 1293 1668 1357 igitur
1695 1293 1857 1344 nobis
1884 1312 1926 1347 15

169 1367 499 1431 explicanda
523 1373 666 1426 sunt,
692 1367 790 1419 sed
815 1368 860 1418 si
884 1367 1194 1426 enodatiuS,
1218 1381 1321 1418 vos
1344 1368 1660 1431 ignoscetis.
1693 1367 1857 1418 huius

169 1443 311 1492 enim
372 1443 539 1493 aetati
603 1438 676 1509 [et
731 1438 879 1509 huic]
938 1456 1085 1492 nunc
1141 1442 1278 1493 haec
1333 1442 1570 1504 primum
1614 1441 1855 1493 fortasse

168 1517 446 1569 audientis
480 1519 685 1570 servire
720 1518 1002 1569 debemus.

242 1592 322 1643 Ita
366 1607 610 1656 prorsus,
655 1593 906 1656 inquam;
950 1592 1052 1644 etsi
1095 1606 1162 1643 ea
1207 1591 1446 1655 quidem,
1490 1605 1631 1656 quae
1674 1591 1858 1642 adhuc

170 1666 373 1725 dixisti,
400 1667 654 1730 quamvis
679 1667 751 1717 ad
777 1672 1014 1718 aetatem
1038 1672 1183 1718 recte
1208 1667 1315 1726 isto
1338 1666 1508 1718 modo
1533 1666 1857 1717 dicerentur.
1882 1683 1928 1719 20

89 1751 153 1799 10
242 1740 509 1804 Exposita
557 1742 738 1805 igitur,
789 1741 981 1804 inquit,
1030 1741 1416 1792 terminatione
1462 1754 1643 1791 rerum
1694 1753 1859 1803 expe-

170 1815 461 1866 tendarum
496 1829 591 1866 cur
625 1816 733 1866 ista
768 1821 946 1866 se'res
981 1815 1059 1866 ita
1090 1814 1306 1873 habeat,
1340 1819 1400 1865 ut
1435 1814 1564 1873 dixi,
1596 1814 1858 1876 deinceps

171 1889 666 1940 demonstrandum
708 1894 806 1940 est.
861 1903 1027 1952 quam
1068 1888 1140 1940 ob
1181 1902 1295 1939 rem
1338 1888 1622 1939 ordiamur
1662 1888 1732 1938 ab
1772 1901 1855 1945 eo,

171 1963 318 2025 quod
361 1964 600 2026 primum
643 1963 821 2026 posui,
864 1962 1013 2026 quod
1053 1962 1200 2014 idem
1242 1976 1438 2025 reapse
1479 1962 1716 2025 primum
1756 1967 1856 2021 est,

171 2042 230 2088 ut
260 2037 649 2100 intellegamus
683 2051 844 2088 omne
876 2036 1080 2087 animal
1113 2050 1171 2088 se
1203 2037 1386 2099 ipsum
1419 2036 1664 2099 diligere.
1707 2035 1856 2099 quod
1882 2055 1927 2090 25

170 2125 505 2174 quamquam
550 2111 952 2162 dubitationem
997 2124 1108 2162 non
1150 2110 1316 2162 habet
1358 2139 1420 2146 —
1463 2116 1547 2162 est
1588 2111 1734 2161 enim
1775 2110 1856 2160 in-

167 2185 343 2235 fixum
410 2186 465 2235 in
529 2186 653 2248 ipsa
730 2190 929 2236 natura
1011 2180 1678 2250 comprehenditur<que>
1742 2185 1857 2235 suis

170 2260 436 2323 cuiusque
475 2260 729 2312 sensibus
771 2261 862 2318 sic,
900 2265 974 2318 ut,
1012 2264 1203 2310 contra
1242 2259 1287 2310 si
1327 2259 1449 2322 quis
1488 2258 1668 2309 dicere
1705 2257 1853 2315 velit,

168 2348 276 2385 non
313 2334 572 2385 audiatur
607 2363 684 2392 —,
718 2339 917 2392 tamen,
950 2347 1019 2384 ne
1054 2333 1186 2396 quid
1220 2333 1738 2396 praetermittamus
1772 2346 1854 2382 ra-

235 2477 268 2517 5
301 2481 349 2517 ut
382 2473 514 2526 (ante
545 2475 650 2528 suo)
682 2478 832 2518 Bentl.
866 2480 911 2518 et
1041 2471 1107 2516 ‘in
1140 2487 1225 2517 suo
1257 2485 1428 2526 genere
1460 2475 1756 2515 scribendum
1789 2474 1856 2514 υἰ-

168 2531 321 2578 detur’
367 2536 414 2578 C.
431 2537 480 2578 F.
504 2536 564 2578 W.
581 2537 701 2578 Mae.
742 2539 789 2577 in
830 2538 941 2578 adn.
981 2537 1084 2577 crit.
1243 2534 1270 2575 8
1310 2534 1689 2576 conservatricem
1730 2532 1767 2573 R

170 2596 223 2635 15
257 2597 372 2636 haec
405 2596 540 2646 igitur
646 2597 784 2637 aetati
815 2595 935 2636 Non.
965 2607 1012 2647 p.
1041 2600 1090 2635 15
1200 2593 1253 2634 16
1286 2593 1537 2644 ignoscetis
1569 2593 1700 2633 cuius
1731 2594 1855 2632 aeta-

165 2656 222 2695 tis
254 2655 372 2696 Non.
429 2655 434 2658 ’
492 2655 545 2695 17
578 2657 684 2696 secl.
716 2655 839 2696 Mdv.
933 2655 1049 2695 haec
1082 2654 1274 2703 primum
1307 2652 1345 2694 R
1377 2654 1568 2702 primum
1602 2652 1693 2691 hoc
1724 2646 1855 2699 (ante

167 2715 357 2762 primum
391 2726 501 2763 ras„
536 2717 583 2755 in
618 2726 713 2766 qua
745 2725 960 2764 coynosc.
994 2710 1044 2764 h)
1076 2706 1140 2753 N²
1182 2713 1257 2753 hic
1290 2713 1482 2761 primum
1514 2710 1598 2750 BE
1637 2710 1726 2750 hoc
1767 2710 1854 2758 pri-

166 2784 287 2813 mum
312 2774 353 2814 V
477 2774 530 2814 18
564 2774 792 2815 audientis
816 2773 940 2814 Mdv.
966 2773 1170 2813 audienti
1199 2767 1437 2821 (audiendi
1469 2767 1523 2819 E)
1619 2767 1672 2808 21
1707 2769 1856 2817 inquit

165 2842 253 2871 om.
298 2832 380 2872 BE
532 2833 589 2873 24
629 2830 808 2882 reapse]
852 2843 898 2872 re
938 2833 997 2872 ab
1037 2842 1088 2872 se
1239 2830 1296 2871 25
1337 2829 1526 2879 diligere
1569 2821 1683 2868 N²v
1726 2827 1854 2877 diligi

164 2889 342 2931 BERN
352 2886 365 2910 ¹
403 2922 405 2924 -
528 2893 583 2932 27
632 2894 743 2933 add.
793 2891 921 2933 Crat.
976 2894 1136 2930 natura
1190 2901 1243 2929 ac
1305 2887 1706 2937 comprehenditur
1759 2886 1854 2926 suis

165 2948 344 2990 Alanus
720 2976 725 2979 -

2017 410 2034 455 i

2022 685 2034 713 l
