2046 3138
29 142 57 194 §
85 143 259 186 39-—43
440 183 442 186 Α
543 138 628 184 DE
663 136 916 184 FINIBUS
951 134 1100 182 BON.
1135 135 1213 180 ET
1247 133 1399 181 MAL.
1718 140 1818 191 105

118 283 519 346 ignorationem
539 281 856 331 dialecticae
872 305 940 312 —
959 277 1269 329 Carneades
1297 282 1421 328 tuus
1444 277 1667 341 egregia
1688 290 1820 340 qua-

118 357 245 407 dam
281 357 664 408 exercitatione
699 357 752 405 in
794 355 1091 404 dialecticis
1133 366 1462 415 summaque
1503 352 1820 415 eloquentia

118 446 229 482 rem
276 433 329 481 in
375 446 651 482 summum
698 430 987 479 discrimen
1038 428 1279 486 adduxit,
1334 432 1623 490 propterea
1667 428 1817 490 quod

119 521 364 570 pugnare
397 521 508 557 non
533 505 748 556 ‘destitit
779 506 833 554 in
867 505 1018 554 omni
1052 503 1156 553 hac
1189 503 1529 566 quaestione,
1573 516 1717 564 quae
1751 502 1820 553 de

70 591 93 625 5
118 582 277 632 bonis
312 586 364 632 et
396 581 553 630 malis
587 579 906 642 appelletur,
949 593 1061 628 non
1097 591 1219 628 esse
1252 591 1428 628 rerum
1463 576 1660 628 Stoicis
1695 592 1819 628 cum

116 657 485 718 Peripateticis
513 655 956 712 controversiam,
991 653 1089 703 sed
1116 653 1419 703 nominum.
1475 652 1608 701 mihi
1635 658 1818 703 autem

116 731 248 780 nihil
265 735 374 780 tam
396 730 743 792 perspicuum
762 728 990 786 videtur,
1011 741 1176 790 quam
1195 727 1293 776 has
1313 727 1612 777 sententias
1629 741 1818 778 eorum

117 805 571 868 philosophorum
599 818 654 854 re
681 805 816 854 inter
842 817 902 853 se
927 804 1105 865 magis
1132 816 1298 865 quam
1323 802 1505 852 verbis
1532 802 1819 860 dissidere;

116 882 379 931 maiorem
406 879 577 929 multo
605 880 741 929 inter
768 877 982 928 Stoicos
1011 882 1063 927 et
1080 877 1469 939 Peripateticos
1496 890 1673 927 rerum
1698 891 1820 927 esse

50 965 93 999 10
117 957 205 1006 aio
248 955 669 1017 discrepantiam
711 966 878 1015 quam
918 952 1227 1010 verborum,
1273 952 1479 1014 quippe
1523 966 1646 1001 cum
1680 951 1820 1002 Peri-

116 1030 333 1092 patetici
368 1030 568 1087 omnia,
603 1042 746 1091 quae
779 1028 883 1090 ipsi
917 1027 1067 1077 bona
1101 1026 1396 1089 appellant,
1440 1027 1708 1088 pertinere
1743 1027 1820 1076 di-

115 1110 239 1154 cant
283 1104 353 1154 ad
398 1104 559 1154 beate
602 1102 924 1160 vivendum,¹
972 1102 1142 1152 nostri
1186 1115 1300 1151 non
1346 1115 1411 1151 ex
1457 1102 1622 1160 omni,
1668 1102 1819 1164 quod

114 1180 496 1234 aestimatione
531 1178 716 1241 aliqua
742 1177 971 1241 dignum
998 1178 1080 1235 sit,
1115 1175 1377 1238 compleri
1402 1176 1572 1225 vitam
1598 1176 1818 1227 beatam

115 1258 319 1316 putent.
1840 1278 1903 1327 13

47 1338 90 1373 15
187 1328 274 1379 An
306 1342 437 1379 vero
473 1329 668 1378 certius
702 1328 997 1390 quicquam
1033 1331 1214 1388 potest
1248 1339 1370 1376 esse
1397 1339 1563 1388 quam
1598 1326 1813 1376 illorum
1851 1350 1907 1390 42

114 1404 337 1462 ratione,
384 1403 477 1467 qui
519 1402 766 1453 dolorem
809 1403 862 1451 in
903 1401 1062 1451 malis
1104 1405 1330 1463 ponunt,
1372 1415 1484 1451 non
1527 1415 1693 1463 posse
1735 1415 1818 1450 sa-

115 1479 355 1541 pientem
389 1478 612 1528 beatum
648 1491 785 1535 esse,
827 1491 951 1527 cum
987 1476 1178 1526 eculeo
1212 1478 1564 1538 torqueatur?
1627 1481 1816 1526 eorum

114 1558 312 1612 autem,
358 1554 451 1615 qui
497 1553 745 1603 dolorem
783 1553 838 1601 in
879 1551 1037 1601 malis
1078 1565 1191 1601 non
1235 1550 1454 1609 habent,
1496 1551 1631 1601 ratio
1674 1555 1817 1601 certe

115 1629 262 1691 cogit
301 1632 360 1678 ut
401 1629 455 1677 in
497 1627 754 1678 omnibus
794 1627 1078 1676 tormentis
1120 1630 1471 1676 conservetur
1510 1624 1674 1675 beata
1704 1626 1818 1675 vita

43 1711 89 1747 20
113 1703 362 1765 sapienti.
417 1703 618 1752 etenim
652 1702 697 1751 si
732 1701 951 1752 dolores
987 1700 1214 1751 eosdem
1241 1699 1577 1751 tolerabilius
1605 1701 1817 1762 patiun-

111 1782 194 1827 tur
227 1778 321 1840 qui
355 1778 633 1839 excipiunt
673 1790 770 1827 eos
805 1790 901 1838 pro
937 1776 1111 1838 patria
1151 1789 1317 1837 quam
1364 1775 1457 1837 qui
1499 1774 1704 1825 leviore
1746 1775 1816 1826 de

112 1866 292 1911 causa,
321 1853 509 1915 opinio
529 1852 668 1909 facit,
694 1865 807 1901 non
834 1855 1040 1908 natura,
1065 1850 1178 1899 vim
1198 1849 1403 1900 doloris
1430 1854 1524 1899 aut
1548 1851 1813 1900 maiorem

111 1932 205 1976 aut
237 1928 519 1977 minorem.
584 1926 666 1976 Ne
707 1925 841 1975 illud
884 1925 1107 1987 quidem
1143 1929 1224 1974 est
1257 1929 1706 1983 consentaneum,
1740 1930 1812 1984 ut,
1847 1925 1903 1966 43

111 2003 171 2060 si,
213 2015 337 2051 cum
378 2002 479 2050 tria
519 2014 723 2064 genera
762 2000 1035 2050 bonorum
1071 2000 1190 2057 sint,
1237 2013 1380 2062 quae
1421 2000 1693 2050 sententia
1733 2005 1816 2050 est

42 2085 88 2120 25
112 2076 608 2138 Peripateticorum,
643 2089 709 2125 eo
744 2075 955 2124 beatior
988 2075 1222 2137 quisque
1256 2075 1337 2132 sit,
1379 2088 1490 2136 quo
1525 2075 1593 2124 sit
1625 2088 1816 2136 corpo-

111 2151 180 2201 ris
214 2155 308 2200 aut
341 2151 575 2209 externis
618 2150 778 2200 bonis
813 2149 1040 2211 plenior,
1081 2154 1140 2198 ut
1181 2148 1287 2199 hoc
1327 2148 1473 2199 idem
1508 2148 1817 2211 adproban-

113 2226 244 2275 dum
279 2226 347 2275 sit
379 2225 555 2283 nobis,
589 2229 662 2283 ut,
697 2224 789 2286 qui
817 2223 971 2286 plura
996 2223 1198 2273 habeat
1224 2237 1303 2281 ea,
1338 2237 1481 2285 quae
1507 2224 1561 2272 in
1589 2237 1816 2286 corpore

112 2301 299 2363 magni
333 2301 703 2357 aestimantur,
738 2299 806 2348 sit
838 2298 1061 2348 beatior.
1118 2297 1193 2348 illi
1228 2299 1374 2348 enim
1402 2298 1642 2361 corporis
1669 2312 1816 2349 com-

113 2375 293 2425 modis
321 2374 581 2436 compleri
598 2375 768 2423 vitam
795 2373 1014 2423 beatam
1042 2377 1248 2435 putant,
1274 2373 1442 2423 nostri
1463 2372 1815 2425 nihilminuS.

43 2459 88 2494 3ο
112 2464 240 2499 nam
268 2463 391 2499 cum
426 2450 500 2499 ita
526 2448 752 2511 placeat,
786 2462 856 2498 ne
883 2461 1071 2498 eorum
1099 2447 1322 2510 quidem
1349 2447 1637 2506 bonorum,
1671 2462 1815 2511 quae

189 2626 208 2667 1
239 2627 545 2678 ignorantiam
562 2626 601 2669 R
699 2626 754 2667 10
779 2623 872 2675 aio]
904 2621 979 2668 aio
998 2626 1039 2668 V
1071 2627 1226 2674 animo
1252 2625 1351 2671 R
1303 2640 1393 2674 olo
1398 2621 1573 2679 (prior
1597 2637 1624 2666 o
1643 2628 1704 2668 ab
1730 2628 1814 2675 alt.

110 2699 167 2728 m.
191 2688 250 2730 ἰη
273 2684 408 2736 ras.)
449 2686 520 2726 Ν
630 2685 684 2726 12
717 2689 812 2726 non
855 2697 911 2726 ex
953 2687 1078 2731 omni
1123 2688 1259 2737 quod
1281 2687 1400 2730 Dav.
1446 2697 1541 2727 non
1587 2687 1713 2736 quod
1757 2695 1814 2732 ex

110 2747 236 2787 omni
269 2745 408 2788 ARV
439 2757 554 2787 noro
588 2746 715 2795 quod
747 2750 805 2787 e'x
837 2747 963 2792 omni
995 2746 1078 2787 BE
1118 2753 1369 2798 numquam
1404 2759 1460 2788 ex
1494 2748 1620 2786 omni
1653 2746 1700 2787 N

113 2805 166 2846 15
200 2805 377 2847 illorum
416 2806 592 2847 ratione
624 2805 781 2847 Lamb.
827 2805 904 2846 illo
946 2807 1122 2848 ratione
1155 2803 1254 2856 (roe
1286 2805 1342 2858 R)
1376 2806 1466 2848 ΑΒ
1510 2805 1587 2845 illa
1636 2791 1813 2852 ratione

110 2864 242 2906 BEV
273 2865 351 2906 illa
382 2867 495 2906 ratio
529 2868 599 2906 est
623 2865 663 2905 N
783 2865 837 2905 17
871 2866 1071 2916 equuleo
1104 2866 1142 2910 R
1238 2866 1292 2907 19
1325 2870 1373 2908 ut
1398 2867 1445 2907 in
1479 2867 1695 2906 omnibus
1722 2864 1813 2906 NV

109 2924 174 2964 uti
218 2923 387 2966 nffibus
430 2924 468 2966 R
510 2925 575 2965 uti
619 2925 885 2965 nominibus
930 2924 1064 2967 ABE
1229 2927 1367 2969 beata
1406 2926 1500 2966 vita
1537 2923 1678 2967 ARN
1717 2927 1812 2966 vita

111 2984 246 3027 beata
278 2983 410 3029 BEV
530 2984 582 3025 21
621 2984 779 3025 leviori
812 2984 894 3025 BE
