2046 3138
18 175 47 227 §
74 177 251 219 62-66
395 208 397 211 .
530 169 616 216 DE
648 167 901 216 FINIBUS
934 166 1084 214 BON.
1119 166 1196 212 ET
1230 164 1382 212 MAL.
1706 169 1808 222 149

110 325 177 362 ex
215 309 329 361 alto
369 322 650 372 emergere
687 307 874 366 velint,
914 306 1146 370 propius
1179 304 1299 356 fore
1336 317 1434 355 eos
1473 302 1696 367 quidem
1732 300 1805 352 ad

112 384 514 448 respirandum,
555 384 647 447 qui
689 382 761 433 ad
802 395 1076 434 summam
1116 381 1226 431 iam
1260 393 1463 442 aquam
1503 377 1806 441 adpropin-

112 465 294 523 quent,
327 459 425 511 sed
458 458 631 509 nihilo
663 458 843 521 magis
875 456 1148 519 respirare
1175 467 1342 517 posse
1374 466 1539 516 quam
1570 465 1683 511 eOS,
1712 451 1805 514 qui

112 535 221 585 sint
265 534 320 584 in
367 532 690 596 profundo?
744 531 879 582 nihil
926 531 1094 594 igitur
1132 529 1363 580 adiuvat
1407 526 1706 591 procedere
1751 530 1805 576 et

65 608 373 672 5progredi
419 609 474 658 in
519 608 736 665 virtute,
782 619 891 669 quo
937 605 1120 656 minus
1159 603 1501 654 miserrimus
1548 602 1632 660 sit,
1677 605 1804 651 ante

112 697 277 746 quam
335 682 407 733 ad
465 696 587 733 eam
646 680 971 744 pervenerit,
1030 679 1292 743 quoniam
1344 678 1399 727 in
1457 690 1603 739 aqua
1669 674 1803 725 nihil

111 758 356 815 adiuvat,
397 762 465 815 et,
508 757 770 820 quoniam
813 754 995 813 catuli,
1038 754 1130 817 qui
1166 754 1275 803 iam
1318 751 1618 814 dispecturi
1662 754 1805 807 sunt,

111 832 257 884 caeci
304 845 480 895 aeque
526 836 581 882 et
624 831 677 889 ii,
725 830 817 893 qui
857 829 1028 880 modo
1073 826 1538 886 nati,‘Platonem
1582 837 1803 888 quoque

111 920 336 959 necesse
393 911 492 964 est,
551 905 814 969 quoniam
871 903 1120 955 nondum
1177 901 1404 953 videbat
1458 899 1804 963 sapientiam,

46 996 89 1032 10
111 994 286 1044 aeque
321 994 544 1032 caecum
580 980 766 1030 animo
800 992 865 1029 ac
898 977 1174 1028 Phalarim
1204 975 1420 1027 fuisse?
1464 975 1571 1026 ista
1604 972 1806 1024 similia
1824 957 1896 1008 24

113 1069 222 1106 non
253 1060 395 1113 sunt,
426 1053 578 1112 Cato,
608 1055 662 1104 in
693 1053 893 1116 quibus
924 1051 1178 1115 quamvis
1207 1050 1443 1102 multum
1468 1048 1805 1112 processeris
1840 1030 1895 1071 ⁶⁵

112 1135 296 1181 tamen
337 1129 475 1180 illud
517 1129 573 1180 in
611 1128 808 1180 eadem
849 1133 1018 1178 causa
1051 1131 1150 1185 est,
1190 1140 1223 1176 a
1263 1138 1373 1189 quo
1409 1124 1606 1175 abesse
1646 1122 1804 1181 velis,

113 1204 291 1256 donec
341 1204 611 1261 evaseris;
665 1217 767 1254 nec
816 1203 962 1253 enim
1016 1201 1108 1252 ille
1139 1200 1406 1263 xrespirat,
1459 1203 1587 1250 ante
1639 1211 1805 1261 quam

111 1279 349 1337 emersit,
379 1283 432 1330 et
463 1277 629 1329 catuli
658 1291 834 1340 aeque
865 1277 1026 1334 caeci,
1052 1275 1205 1338 prius
1236 1288 1401 1338 quam
1431 1273 1805 1336 dispexerunt,

47 1370 89 1405 15
112 1368 177 1404 ac
209 1354 254 1405 si
288 1354 365 1405 ita
396 1352 569 1404 futuri
603 1365 821 1415 semper
847 1355 1049 1403 essent.
1085 1349 1188 1401 'illa
1219 1353 1347 1400 sunt
1376 1347 1602 1399 similia:
1635 1346 1805 1398 hebes

113 1429 259 1480 acies
302 1433 389 1479 est
439 1427 679 1490 cuipiam
723 1425 1028 1483 oculorum,
1074 1437 1305 1487 corpore
1351 1422 1495 1474 alius
1546 1422 1806 1478 senescit;

111 1504 167 1554 hi
200 1505 484 1555 curatione
516 1503 768 1554 adhibita
797 1502 1052 1553 levantur
1083 1502 1139 1551 in
1167 1500 1301 1560 dieS,
1332 1499 1482 1551 valet
1512 1499 1650 1550 alter
1678 1498 1806 1562 plus

113 1578 330 1636 cotidie,
362 1578 501 1629 alter
531 1577 700 1629 videt.
741 1577 827 1628 his
860 1575 1069 1628 similes
1096 1580 1224 1627 sunt
1254 1588 1462 1632 omnes,
1495 1574 1587 1637 qui
1615 1573 1805 1625 virtuti

114 1652 363 1710 student;
401 1652 656 1704 levantur
694 1652 860 1710 vitiis,
897 1650 1152 1702 levantur
1190 1649 1484 1708 erroribus,
1516 1649 1623 1699 nisi
1662 1646 1806 1700 forte

45 1742 91 1778 20
113 1741 305 1778 censes
343 1726 422 1777 Ti.
457 1725 782 1777 *Gracchum
821 1730 1033 1788 patrem
1075 1720 1257 1791 <non>
1288 1724 1592 1775 beatiorem
1630 1722 1806 1774 fuisse

114 1816 280 1865 quam
326 1801 523 1859 filium,
570 1814 693 1851 cum
738 1799 878 1851 alter
923 1799 1168 1851 stabilire
1198 1812 1322 1858 =rem
1367 1797 1646 1861 publicam
1694 1803 1806 1849 stu-

112 1876 307 1935 duerit,
344 1875 483 1927 alter
517 1880 779 1926 evertere.
838 1887 940 1925 nec
974 1878 1160 1925 tamen
1194 1872 1286 1924 ille
1319 1878 1439 1924 erat
1479 1872 1703 1935 sapiens
1744 1898 1807 1906 -

115 1951 238 2014 quis
272 1951 419 2001 enim
453 1950 560 2000 hoc
592 1954 688 2000 aut
723 1948 947 2012 quando
977 1953 1073 1999 aut
1106 1947 1199 1998 ubi
1233 1952 1329 1998 aut
1358 1946 1546 1998 unde?
1582 1963 1670 2004 -;
1707 1945 1806 1998 sed

115 2025 246 2088 quia
271 2024 532 2076 studebat
558 2023 711 2074 laudi
738 2028 792 2074 et
820 2022 1092 2086 dignitati,
1113 2021 1349 2073 multum
1375 2022 1430 2071 in
1454 2021 1658 2072 virtute
1682 2034 1808 2084 pro-

47 2115 92 2151 25
116 2104 371 2150 cesserat.
419 2097 702 2149 conferam
739 2111 907 2148 avum
941 2102 1098 2148 tuum
1135 2095 1378 2147 Drusum
1410 2109 1534 2146 cum
1571 2094 1808 2146 C.Grac-
1841 2114 1898 2155 66

115 2174 234 2231 cho,
269 2174 389 2224 eius
426 2171 543 2224 fere
578 2171 837 2235 aequali?
884 2184 1026 2234 quae
1054 2170 1143 2221 hic
1177 2170 1254 2221 rei
1290 2169 1545 2233 publicae
1575 2169 1808 2220 vulnera

115 2247 433 2311 inponebat‚
464 2246 663 2297 eadem
700 2245 796 2296 ille
826 2245 1076 2296 sanabat.
1121 2245 1166 2295 si
1199 2244 1335 2295 nihil
1374 2250 1472 2302 est,
1510 2244 1660 2308 quod
1694 2249 1807 2296 t-am

115 2323 350 2373 miseros
383 2320 552 2371 faciat
589 2334 755 2383 quam
783 2320 1024 2382 inpietas
1054 2324 1110 2370 et
1143 2318 1340 2378 soelus,
1377 2324 1437 2370 ut
1471 2319 1581 2369 iam
1612 2332 1807 2370 omnes

116 2397 440 2459 insipientes
487 2395 596 2446 sint
641 2394 843 2452 miseri,
889 2393 1038 2456 quod
1086 2392 1341 2456 profecto.
1379 2398 1522 2452 sunt,
1566 2407 1679 2444 non
1723 2401 1807 2444 est

49 2476 301 2523 aotamen
347 2483 523 2532 aeque
568 2469 749 2526 miser,
796 2468 888 2531 qui
935 2468 1147 2530 patriae
1188 2467 1440 2527 consulit,
1485 2473 1540 2519 et
1598 2468 1660 2527 is,
1714 2469 1806 2530 qui

194 2658 220 2698 2
247 2668 415 2707 aquam
442 2658 532 2697 iam
557 2655 640 2697 BE
733 2656 758 2696 7
785 2657 1032 2706 dispecturi
1053 2656 1144 2697 NV
1170 2656 1428 2706 despecturi
1523 2656 1578 2698 10
1602 2653 1808 2705 caecum]

122 2728 233 2759 ceco
266 2717 304 2758 R
425 2727 479 2757 ac
503 2715 642 2757 RNV
674 2718 719 2756 et
750 2715 836 2756 BE
991 2715 1045 2756 14
1078 2716 1375 2766 dispexerunt
1398 2716 1555 2758 Lamb.
1585 2716 1811 2766 despexe-

122 2779 223 2818 runt
260 2776 399 2818 RNV
439 2777 725 2826 depexerunt
762 2774 845 2816 BE
998 2774 1052 2815 15
1092 2776 1238 2817 hebes
1277 2775 1368 2817 NV
1407 2776 1554 2816 habes
1593 2774 1723 2817 BER

124 2836 179 2877 16
195 2836 396 2878 senescit
411 2836 535 2877 Mdv.
554 2835 702 2876 nescit
717 2827 872 2876 ERN¹
887 2835 1026 2876 nestit
1041 2834 1078 2875 B
1097 2835 1356 2886 languescit
1372 2828 1486 2877 N²v
1572 2834 1630 2875 20
1647 2845 1812 2877 censes

122 2892 207 2945 Tl.]
241 2896 441 2937 censesti
472 2894 514 2935 N
548 2894 750 2936 consesti
775 2894 813 2936 R
845 2905 1009 2936 censes
1040 2889 1098 2936 ‘ca
1131 2891 1214 2944 (=
1240 2892 1400 2945 causa)
1431 2894 1474 2936 V
1505 2904 1670 2936 censes
1702 2890 1811 2944 (om.

122 2952 175 3005 ti)
206 2954 289 2995 BE
394 2949 560 2996 ‘Aldus
588 2955 772 3006 primus
803 2955 1048 2996 addidisse
1087 2949 1290 2997 videtur’
1325 2955 1450 2997 Mdv.
1587 2954 1644 2996 25
1677 2965 1813 2998 avum

122 3013 205 3055 BE
237 3017 389 3056 autem
422 3025 557 3056 avum
589 3014 630 3055 N
663 3012 751 3055 avii
784 3016 862 3055 aut
892 3013 930 3056 R
962 3025 1098 3056 avum
1131 3017 1282 3057 autem
1314 3014 1356 3057 V
