2046 3138
268 117 370 168 116
450 167 452 169 Ι
688 107 773 153 DE
804 106 1059 153 FINIBUS
1093 105 1242 153 BON.
1275 106 1354 152 ET
1386 107 1538 154 MAL.
1638 111 2045 155 Lib.111c.20—22

262 257 315 302 et
348 252 590 309 deorum,
625 263 722 300 eos
755 253 939 299 autem
974 249 1379 298 communitatis
1414 254 1466 299 et
1497 250 1772 300 societatis
1805 265 1953 310 suae,

231 331 318 386 ,ut
351 326 537 375 bestiis
572 324 825 375 homines
867 323 942 372 uti
977 323 1047 372 ad
1080 321 1366 372 utilitatem
1400 337 1557 373 suam
1591 326 1804 386 possint
1834 328 1953 376 sine

170 854 227 896 68

170 1476 233 1525 21

169 1548 226 1587 69

172 2563 228 2603 70

260 401 466 450 iniuria.
539 397 928 459 Quoniamque
974 411 1040 447 ea
1083 402 1275 446 natura
1319 403 1464 448 esset
1507 398 1759 458 hominiS,
1803 405 1861 450 ut
1904 402 1953 450 ei

261 489 384 524 curn
418 487 619 537 genere
660 473 903 522 humano
938 472 1095 534 quasi
1130 471 1288 522 civile
1329 473 1412 522 ius
1452 473 1820 533 intercederet,
1861 475 1953 538 qui

260 549 315 598 id
343 552 701 606 conservaret,
736 560 861 597 eum
881 547 1097 604 iustum,
1131 547 1223 608 qui
1249 547 1515 609 migraret,
1541 548 1799 598 iniustum
1824 548 1953 599 fore.
2000 560 2023 594 5

260 624 358 674 sed
385 637 549 686 quem
577 623 646 672 ad
673 621 915 679 modum,
941 621 1210 671 theatrum
1238 635 1360 670 cum
1388 635 1681 672 commune
1706 623 1787 681 sit,
1812 628 1955 674 recte

259 703 443 748 tamen
478 698 583 747 dici
618 700 798 759 potest
832 696 948 745 eius
983 709 1105 745 esse
1140 709 1265 745 eum
1299 695 1496 754 locum,
1530 710 1694 759 quem
1721 698 1955 761 quisque

261 773 551 835 occuparit,
592 772 670 821 sic
710 771 764 820 in
805 769 938 820 urbe
971 769 1253 820 mundove
1294 772 1572 820 communi
1613 785 1725 822 non
1767 772 1955 822 adver-

260 851 406 896 satur
439 848 538 905 ius,
572 859 683 908 quo
718 846 898 894 minus
924 859 1084 894 suurn
1113 844 1356 907 quidque
1383 845 1647 907 cuiusque
1680 847 1760 896 sit.
1818 845 1953 896 Cum

260 926 443 971 autern
478 921 548 971 ad
581 919 818 970 tuendos
845 918 1368 982 conservandosque
1394 919 1647 970 homines
1673 920 1953 971 hominem
1981 933 2025 969 ιο

259 1001 448 1045 natum
483 1009 606 1046 esse
637 993 942 1052 videamuS,
977 998 1410 1044 consentaneum
1445 999 1526 1044 est
1558 994 1684 1044 huic
1715 1000 1955 1054 naturae,

259 1075 318 1120 ut
357 1071 578 1132 sapiens
617 1068 750 1119 velit
791 1082 977 1131 gerere
1019 1073 1070 1118 et
1110 1068 1485 1118 administrare
1525 1083 1638 1118 rem
1680 1069 1954 1131 publicam

260 1150 439 1207 atque,
473 1149 531 1194 ut
565 1158 594 1194 e
627 1148 819 1193 natura
850 1143 1015 1201 vivat,
1049 1156 1275 1192 uxorem
1310 1143 1609 1206 adiungere
1643 1149 1695 1193 et
1718 1144 1863 1195 velle
1889 1158 1955 1195 ex

261 1233 327 1269 ea
345 1219 559 1269 liberos,
607 1231 677 1268 ne
704 1231 918 1267 amores
938 1216 1160 1279 quidem
1189 1222 1408 1268 sanctos
1427 1231 1460 1267 a
1477 1219 1726 1280 sapiente
1744 1218 1954 1269 alienos

261 1308 383 1344 esse
416 1293 749 1343 arbitrantur.
806 1290 1130 1355 Cynicorum
1164 1297 1347 1342 autem
1381 1293 1647 1343 rationem
1681 1298 1846 1356 atque
1877 1295 1954 1343 vi-
1980 1305 2023 1340 15

259 1373 369 1418 tam
411 1368 501 1418 alii
536 1367 730 1418 cadere
770 1367 824 1415 in
859 1367 1165 1428 sapientem
1199 1366 1398 1425 dicunt,
1440 1367 1485 1416 si
1527 1368 1619 1430 qui
1654 1368 1770 1417 eius
1803 1368 1954 1418 modi

259 1443 394 1494 forte
420 1455 579 1492 casus
605 1441 865 1499 inciderit,
890 1445 949 1490 ut
971 1440 1025 1489 id
1052 1440 1363 1491 faciendum
1382 1442 1464 1500 sit,
1490 1441 1580 1490 alii
1599 1441 1749 1492 nullo
1770 1442 1954 1493 modo.

333 1515 404 1567 Ut
444 1530 576 1567 vero
623 1519 972 1567 conservetur
1018 1516 1196 1565 omnis
1242 1515 1450 1566 homini
1500 1529 1628 1578 erga
1673 1516 1954 1567 hominem

259 1593 508 1650 societaS‚
550 1590 884 1648 coniunctio,
929 1591 1136 1648 caritaS,
1186 1594 1239 1639 et
1283 1589 1655 1640 emolumenta
1703 1596 1756 1641 et
1798 1591 1955 1641 detri-

259 1671 458 1724 menta,
500 1679 643 1729 quae
686 1659 1014 1728 ὠφελήματα
1054 1670 1107 1714 et
1145 1657 1433 1728 βλάμματα
1473 1664 1767 1727 appellant,
1809 1679 1955 1716 corn-
1978 1675 2025 1710 20

259 1742 447 1791 munia
480 1754 602 1791 esse
633 1738 947 1796 voluerunt:
993 1753 1225 1801 quorum
1268 1738 1435 1789 altera
1475 1744 1715 1801 prosunt,
1755 1745 1957 1791 nocent

260 1815 441 1866 altera.
505 1828 687 1877 neque
720 1813 900 1863 solum
935 1826 1002 1863 ea
1035 1814 1363 1872 communia,
1395 1826 1586 1863 verum
1615 1815 1778 1864 etiam
1806 1816 1957 1877 paria

260 1902 382 1940 esse
416 1889 679 1939 dixerunt.
743 1887 1097 1937 incommoda
1137 1892 1319 1937 autern
1361 1892 1418 1938 ‘et
1452 1888 1747 1938 commoda
1778 1913 1849 1921 —
1883 1890 1957 1938 ita

260 1965 406 2014 enim
440 1957 852 2027 εὐχρηστήματα
886 1966 939 2011 et
970 1956 1427 2025 δυσχρηστήματα
1452 1962 1672 2024 appello
1707 1987 1777 1995 —
1810 1977 1957 2014 com-

259 2039 449 2088 munia
474 2051 596 2088 esse
619 2036 925 2094 voluerunt,
960 2037 1110 2098 paria
1138 2035 1442 2087 noluerunt.
1499 2036 1591 2086 illa
1617 2038 1777 2096 enim,
1811 2051 1954 2100 quae
1978 2044 2024 2081 25

260 2117 488 2174 prosunt
520 2115 613 2161 aut
638 2124 781 2174 quae
814 2115 1028 2169 nocent,
1062 2114 1155 2159 aut
1179 2110 1328 2161 bona
1353 2115 1478 2160 sunt
1503 2116 1595 2160 aut
1619 2111 1779 2170 mala,
1812 2125 1955 2174 quae

260 2187 366 2236 sint
399 2187 550 2249 paria
573 2198 802 2236 necesse
829 2189 923 2235 est.
980 2184 1276 2235 commoda
1308 2190 1490 2235 autem
1518 2190 1571 2235 et
1602 2186 1956 2236 incommoda

261 2262 315 2310 in
351 2275 417 2311 eo
451 2274 652 2323 genere
685 2264 824 2317 sunt,
858 2269 1001 2321 quae
1035 2259 1348 2321 praeposita
1381 2264 1434 2309 et
1466 2260 1665 2310 reiecta
1697 2259 1955 2318 diximus;

263 2348 329 2386 ea
354 2339 586 2397 possunt
611 2335 762 2396 paria
786 2346 898 2383 non
925 2341 1061 2384 esse.
1117 2333 1215 2383 sed
1243 2333 1617 2384 emolumenta
1642 2336 1955 2384 communia

262 2423 385 2459 esse
418 2409 682 2466 dicuntur,
705 2412 858 2458 'recte
891 2412 1074 2457 autern
1108 2407 1250 2457 facta
1282 2412 1334 2458 et
1363 2412 1588 2470 peccata
1611 2421 1723 2459 non
1750 2408 1954 2459 haben·
1976 2416 2023 2452 ³⁰

260 2488 344 2533 t'ur
377 2483 705 2533 communia.

334 2556 644 2607 Amicitiam
678 2560 860 2606 autem
894 2555 1265 2605 adhibendam
1299 2569 1422 2606 esse
1454 2561 1692 2615 censent,
1725 2557 1855 2619 quia
1886 2557 1954 2606 sit

263 2645 328 2682 ex
363 2645 429 2683 eo
457 2644 671 2694 genere,
706 2643 848 2693 quae
875 2635 1114 2692 prosunt.
1171 2643 1507 2693 quamquam
1533 2635 1715 2681 autem
1742 2631 1796 2679 in
1822 2631 1952 2680 ami-

336 2763 362 2803 2
396 2764 575 2812 possint
606 2774 735 2803 suam
761 2762 848 2802 BE
952 2761 978 2803 3
1012 2758 1343 2811 quoniamque]
1378 2758 1564 2811 queque
1590 2761 1629 2802 R
1725 2761 1768 2802 ei
1793 2761 1950 2801 Lamb.

261 2825 306 2862 et
338 2821 520 2862 ABEN
540 2833 641 2873 rom.
674 2821 762 2862 RV
869 2820 895 2861 5
929 2817 1155 2870 migraret]
1190 2823 1380 2870 negaret
1411 2820 1453 2860 A
1559 2819 1587 2859 6
1619 2817 1740 2868 cum]
1775 2823 1823 2860 ut
1855 2819 1891 2859 E

260 2880 288 2919 9
321 2881 540 2930 quodque
564 2880 646 2921 BE
733 2879 786 2920 15
812 2880 1075 2919 arbItramur
1090 2879 1173 2919 BE
1259 2879 1314 2919 16
1339 2880 1418 2929 qui
1441 2872 1654 2920 ARN¹v
1677 2879 1781 2928 quis
1798 2872 1953 2920 BEN¹

336 2939 392 2979 28
411 2940 603 2980 dicimus
621 2938 702 2979 BE
764 2938 822 2979 29
839 2939 1150 2979 emolumenta
1167 2941 1211 2978 et
1229 2937 1501 2978 detrimenta
1518 2938 1782 2978 communia
1793 2939 1949 2979 Lamb.
