2046 3138
253 144 356 195 162
435 166 437 169 .
671 134 758 182 DE
789 133 1044 182 FINIBUS
1075 132 1225 182 BON.
1258 133 1338 180 ET
1369 131 1522 182 MAL.
1695 137 2026 180 Lib.Vc.5-7

246 275 511 325 moribus.
565 274 746 333 huius,
789 275 951 340 Lyco,
994 276 1245 326 oratione
1288 275 1552 338 locuples,
1590 275 1755 326 rebus
1797 275 1935 338 ipsis

225 350 498 400 ieiunior.
554 350 856 400 concinnus
902 343 1104 401 deinde
1146 355 1201 400 et
1243 348 1472 412 elegans
1510 349 1690 407 huius,
1734 348 1936 408 Aristo,

249 423 345 474 sed
392 437 472 481 ea,
519 437 660 486 quae
705 423 1053 475 desideratur
1096 437 1130 474 a
1166 436 1373 487 magno
1417 423 1769 486 philosopho,
1813 436 1937 486 gra-

247 498 407 556 vitas,
443 498 499 547 in
536 511 604 548 eo
638 511 750 549 non
787 497 917 556 fuit;
949 498 1153 561 scripta
1189 511 1323 549 sane
1357 503 1411 549 et
1442 497 1617 548 multa
1653 503 1707 549 et
1745 497 1934 560 polita,

248 571 344 622 sed
385 572 573 622 nescio
615 585 725 635 quo
764 577 927 635 pacto
967 573 1352 623 auctoritatem
1387 573 1566 623 oratio
1603 585 1715 622 non
1755 571 1935 623 habet.
1984 586 2007 620 5

162 657 216 697 14
247 651 534 708 praetereo
567 645 790 705 multos,
826 647 881 696 in
914 646 1001 697 his
1036 645 1260 697 doctum
1290 646 1570 697 hominem
1603 651 1658 697 et
1691 659 1935 704 suavem,

190 1578 222 1626 6

162 1649 215 1689 15

246 719 661 785 Hieronymum,
704 734 867 783 quem
910 721 1019 771 iam
1061 734 1156 771 cur
1197 720 1622 783 Peripateticum
1657 719 1935 783 appellem

245 795 449 845 nesci0.
506 809 784 846 summum
830 795 976 846 enim
1035 794 1243 846 bonum
1304 795 1565 858 exposuit
1601 794 1935 846 vacuitatem

247 868 484 927 doloris;
521 869 615 932 qui
653 874 839 920 autem
879 868 949 920 de
986 883 1204 921 summo
1236 869 1386 920 bono
1424 869 1680 920 dissentit
1717 867 1787 919 de
1819 873 1937 920 tota

246 942 637 1006 philosophiae
667 945 880 995 ratione
913 943 1184 996 dissentit.
1226 942 1502 995 Critolaus
1533 943 1735 994 imitari
1759 942 1938 993 voluit
1964 958 2007 993 10

247 1018 523 1079 antiquos,
561 1023 618 1069 et
665 1018 888 1080 quidem
926 1024 1013 1069 est
1053 1019 1327 1082 gravitate
1370 1019 1672 1081 proximus,
1718 1023 1773 1068 et
1816 1016 1937 1067 red-

246 1091 422 1142 undat
454 1093 651 1151 orati0‚
692 1105 757 1143 ac
790 1097 974 1143 tamen
1011 1089 1151 1158 (ne)
1186 1092 1234 1142 is
1274 1092 1498 1155 quidem
1536 1093 1592 1142 in
1629 1092 1823 1155 patriis
1858 1092 1937 1141 in-

247 1166 455 1217 stitutis
500 1172 702 1217 manet.
760 1165 1058 1225 Diodorus,
1104 1167 1224 1217 eius
1268 1166 1504 1226 auditor,
1551 1165 1807 1229 adiungit
1862 1165 1934 1215 ad

246 1240 593 1291 honestatem
634 1241 969 1292 vacuitatem
1013 1240 1238 1292 doloris,
1288 1240 1378 1291 hic
1416 1253 1638 1304 quoque
1679 1253 1814 1291 suus
1853 1245 1937 1290 est

247 1313 316 1364 de
346 1328 675 1378 summoque
704 1315 852 1365 bono
883 1314 1218 1366 dissentiens
1247 1314 1352 1365 dici
1383 1328 1512 1365 vere
1540 1315 1937 1377 Peripateticus
1963 1330 2007 1365 15

245 1402 357 1439 non
396 1394 596 1451 potest.
646 1390 999 1452 antiquorum
1038 1394 1223 1439 autem
1261 1385 1590 1440 sententiam
1629 1388 1936 1439 Antiochus

248 1468 437 1514 noster
460 1463 595 1513 mihi
622 1462 844 1514 videtur
869 1464 1126 1526 persequi
1154 1462 1591 1526 diligentissime,
1621 1477 1786 1525 quam
1811 1475 1940 1514 ean-

250 1537 374 1587 dem
404 1536 689 1588 Aristoteli
720 1537 896 1588 fuisse
924 1543 978 1588 et
1005 1536 1321 1588 Polemonis
1352 1537 1529 1588 dooet.

323 1611 473 1663 Facit
506 1612 675 1675 igitur
708 1611 911 1662 Lucius
943 1617 1132 1662 noster
1166 1611 1479 1674 prudenter,
1515 1612 1608 1674 qui
1643 1611 1836 1662 audire
1870 1611 1939 1661 de

247 1699 465 1737 summo
509 1686 657 1737 bono
702 1686 1055 1749 potissimum
1097 1686 1256 1743 velit;
1297 1685 1403 1736 hoc
1445 1686 1591 1736 enim
1635 1686 1935 1736 constituto
1961 1703 2007 1738 20

246 1760 301 1809 in
338 1759 696 1823 philosophia
734 1761 1034 1811 constituta
1070 1765 1199 1811 sunt
1233 1761 1435 1810 omnia.
1483 1773 1611 1810 nam
1651 1760 1844 1810 ceteris
1880 1760 1935 1809 in

247 1833 413 1884 rebus
435 1834 553 1884 sive
577 1835 1029 1897 praetermissum
1053 1834 1171 1885 sive
1192 1835 1507 1897 ignoratum
1530 1838 1617 1884 est
1635 1834 1938 1897 quippiam,

245 1921 356 1958 non
388 1908 515 1971 plus
547 1908 885 1959 incommodi
915 1914 1013 1966 est,
1044 1922 1210 1971 quam
1244 1909 1434 1971 quanti
1465 1921 1717 1970 quaeque
1745 1921 1935 1957 earum

248 1996 429 2032 rerum
464 1988 562 2040 est,
599 1983 653 2032 in
689 1982 890 2046 quibus
922 1981 1234 2045 neglectum
1270 1987 1355 2033 est
1387 1981 1613 2044 aliquid.
1659 1996 1936 2032 summum

247 2060 431 2107 autem
468 2057 676 2107 bonum
714 2057 759 2107 si
795 2058 1093 2120 ignoretur,
1127 2055 1352 2108 vivendi
1389 2057 1659 2107 rationem
1695 2056 1936 2118 ignorari
1960 2074 2006 2110 25

248 2144 475 2181 necesse
505 2136 603 2190 est,
636 2144 704 2182 ex
736 2144 849 2194 quo
878 2136 1065 2182 tantus
1097 2144 1250 2182 error
1281 2130 1649 2193 consequitur,
1681 2135 1741 2181 ut
1773 2143 1935 2192 quem

249 2206 303 2254 in
351 2211 572 2268 portum
621 2219 681 2256 se
725 2205 993 2268 recipiant
1038 2205 1176 2256 scire
1222 2218 1334 2255 non
1395 2205 1626 2268 possint.
1700 2204 1936 2267 cognitis

248 2285 434 2330 autem
467 2293 649 2330 rerum
684 2279 908 2338 finibuS‚
943 2293 1066 2330 cum
1098 2278 1450 2342 intellegitur,
1486 2278 1618 2342 quid
1653 2279 1722 2329 sit
1755 2283 1808 2329 et
1842 2278 1936 2328 bo-

248 2366 445 2403 norum
489 2359 794 2404 extremum
837 2359 892 2405 et
932 2353 1221 2412 malorum,
1263 2353 1488 2404 inventa
1530 2353 1678 2403 vitae
1720 2353 1810 2402 via
1849 2358 1935 2403 est

250 2426 730 2490 conformatioque
773 2428 1020 2478 omnium
1066 2426 1401 2485 officiorum,
1461 2441 1583 2477 cum
1643 2427 1936 2489 quaeritur,
1961 2446 2007 2481 30

326 2555 345 2596 1
374 2556 476 2608 lyco
493 2555 535 2596 V
558 2556 647 2597 lico
673 2556 711 2597 R
735 2556 862 2597 lisias
886 2559 932 2597 et
955 2556 996 2596 N
1003 2549 1019 2574 ²
1043 2553 1200 2606 (versu
1226 2557 1354 2597 ultra
1380 2567 1529 2607 mat-9.
1556 2556 1862 2604 contimtum,-
1885 2565 1941 2594 ex

245 2617 405 2667 priore
430 2616 590 2666 script.
617 2615 675 2656 lic
699 2617 921 2667 coynosci
941 2627 1083 2666 posse
1109 2611 1312 2664 videtur)
1323 2627 1340 2663 ;
1373 2626 1463 2655 om.
1487 2614 1570 2655 BE
1602 2615 1761 2665 spatio
1791 2624 1938 2654 vacuo

248 2676 329 2715 rel.
444 2675 533 2724 ipsi
566 2675 703 2715 rebus
733 2675 771 2716 R
910 2674 962 2714 12
996 2676 1108 2716 add.
1139 2675 1288 2715 Brem.
1396 2671 1453 2723 is]
1486 2674 1558 2714 his
1589 2673 1627 2714 R
1760 2672 1813 2712 14
1845 2669 1936 2720 hic]

250 2734 322 2774 his
354 2733 391 2775 R
486 2733 539 2774 18
572 2734 802 2775 aristotilis
835 2734 885 2781 R,
918 2734 958 2774 N
985 2730 1114 2784 (fort.
1140 2745 1258 2774 corr.
1289 2745 1344 2774 ex
1370 2730 1612 2783 aristotili),
1637 2732 1678 2773 V
1768 2731 1825 2771 24
1858 2731 1938 2770 ali-

249 2794 377 2842 quod
407 2792 586 2834 BERN
737 2792 796 2835 28
828 2794 954 2842 quod
986 2787 1191 2834 BEN¹V
1345 2791 1404 2834 29
1434 2793 1527 2832 vita
1559 2803 1586 2832 e
1617 2792 1692 2831 via
1724 2793 1795 2831 est
1825 2790 1862 2831 R
1895 2793 1940 2830 et

248 2854 324 2892 via
354 2863 447 2892 una
479 2856 548 2893 est
580 2852 661 2892 BE
693 2853 769 2892 via
799 2855 870 2893 est
893 2846 958 2893 N²
989 2853 1082 2893 vite
1113 2853 1189 2892 via
1213 2855 1283 2893 est
1307 2845 1372 2892 N²
1405 2848 1517 2900 (vite
1542 2852 1589 2891 in
1615 2861 1764 2899 mar-9.
1790 2847 1938 2899 add.),

249 2915 319 2951 est
341 2913 418 2952 vla
440 2911 482 2952 V
573 2912 631 2952 30
663 2911 1045 2961 confirmatioque
1069 2911 1251 2952 ERNV
1328 2922 1430 2951 cum
1457 2910 1686 2959 quaeritur
1708 2908 1779 2950 Se.
1814 2920 1936 2949 cum-

251 2981 342 3019 que
366 2971 502 3020 igitur
525 2971 562 3011 R
590 2982 692 3011 cum
719 2972 854 3020 igitur
877 2965 1081 3012 BEN¹V
1113 2970 1190 3011 Est
1214 2971 1350 3020 igitur
1371 2970 1412 3010 N
1419 2962 1436 2988 ²
1467 2979 1569 3009 cum
1596 2969 1790 3018 exigitur
1814 2968 1936 3009 Mdv.
