2046 3138
207 170 308 220 188
434 166 436 169 ’
618 162 704 207 DE
737 162 990 209 FINIBUS
1025 161 1180 209 BON.
1215 163 1293 209 ET
1326 163 1478 210 MAL.
1593 169 1987 211 Lib.Vc.22—23

197 300 582 351 mirationibus
627 299 924 352 maximis?
990 313 1155 352 nemo
1199 307 1283 353 est
1327 302 1509 365 igitur,
1566 303 1697 365 quin
1754 302 1896 353 hanc

202 373 557 425 affectionem
587 375 756 425 animi
787 375 984 438 probet
1012 381 1179 439 atque
1208 375 1412 434 laudet,
1444 390 1553 439 qua
1580 390 1692 427 non
1717 377 1887 427 modo

207 447 416 499 utilitas
460 448 614 499 nulla
662 450 956 512 quaeritur,
1003 450 1101 500 sed
1149 455 1339 501 contra
1385 450 1677 501 utilitatem
1724 451 1890 502 etiam

117 534 173 575 64
207 527 566 574 conservatur
598 522 758 573 fides.
805 523 1032 574 Talibus
1065 523 1334 587 exemplis
1367 538 1478 575 non
1513 524 1678 576 fictae
1712 524 1892 575 solum

206 595 445 654 fabulae,
469 610 662 648 verum
688 598 854 648 etiam
878 598 1142 649 historiae
1165 597 1401 649 refertae
1428 604 1569 657 sunt,
1595 604 1648 650 et
1668 599 1890 662 quidem
1940 618 1963 652 5

205 670 443 721 maxime
475 677 714 722 nostrae.
760 685 863 722 nos
898 672 1043 723 enim
1077 672 1149 722 ad
1186 686 1342 723 sacra
1376 672 1542 723 Idaea
1570 673 1893 736 accipienda

205 745 476 807 optimum
509 746 689 795 virum
726 745 1050 809 delegimus,
1084 760 1187 797 nos
1221 751 1431 798 tutores
1466 747 1718 798 misimus
1752 747 1893 810 regi-

204 818 323 876 bus,
359 820 534 870 nostri
572 819 934 882 imperatores
971 835 1071 883 pro
1110 820 1288 872 salute
1326 821 1537 884 patriae
1575 834 1676 872 sua
1710 821 1892 884 capita

197 898 484 952 voverunt,
511 894 685 944 nostri
714 894 971 945 consules
997 908 1183 958 regem
1210 895 1650 946 inimicissimum
1676 896 1886 946 moeni-

198 967 301 1017 bus
344 967 455 1017 iam
504 967 1048 1031 adpropinquantem
1091 975 1440 1028 monuerunt,
1484 983 1518 1020 a
1561 983 1777 1020 veneno
1827 975 1887 1020 ut
1917 989 1960 1024 10

198 1047 429 1099 caveret,
472 1047 662 1092 nostra
706 1043 759 1092 in
804 1056 860 1093 re
904 1043 1126 1105 publica
1173 1042 1461 1107 [Lucretia]
1507 1049 1561 1094 et
1601 1057 1742 1106 quae
1781 1057 1878 1106 per

198 1115 309 1164 vim
340 1115 588 1167 oblatum
621 1123 873 1180 stuprum
905 1117 1219 1169 voluntaria
1248 1123 1423 1169 morte
1455 1118 1629 1169 lueret
1658 1118 1882 1169 inventa

207 1195 291 1240 est
318 1196 373 1241 et
403 1191 495 1253 qui
526 1191 859 1243 interficeret
888 1191 1080 1250 filiam,
1111 1206 1179 1243 ne
1211 1198 1568 1255 stupraretur.
1606 1206 1747 1255 quae
1774 1193 1891 1255 qui-

209 1264 334 1315 dem
373 1266 560 1316 omnia
599 1271 653 1317 et
690 1266 1115 1317 innumerabilia
1154 1270 1439 1330 praeterea
1479 1267 1602 1330 quis
1641 1273 1726 1318 est
1762 1268 1892 1330 quin

207 1338 491 1402 intellegat
522 1345 575 1390 et
606 1353 703 1391 eos
736 1341 828 1403 qui
860 1340 1090 1392 fecerint
1122 1341 1408 1404 dignitatis
1442 1341 1737 1404 splendore
1765 1341 1895 1392 duc·
1920 1361 1964 1396 15

207 1418 294 1463 tos
329 1413 660 1465 inmemores
698 1413 873 1465 fuisse
908 1414 1207 1466 utilitatum
1245 1429 1469 1466 suarum
1505 1429 1733 1478 nosque,
1770 1429 1891 1466 cum

206 1504 272 1541 ea
304 1491 612 1549 laudemus,
647 1492 801 1543 nulla
833 1492 944 1544 alia
977 1507 1035 1544 re
1067 1494 1174 1544 nisi
1208 1494 1498 1545 honestate
1529 1494 1694 1545 duci?

111 1573 188 1623 23
273 1565 487 1622 Quibus
530 1567 695 1618 rebus
739 1569 1008 1630 expositis
1051 1568 1290 1620 breviter
1333 1597 1396 1604 —
1438 1582 1540 1620 nec
1580 1570 1726 1620 enim
1768 1583 1888 1620 sum

205 1640 437 1703 copiam,
477 1655 642 1704 quam
684 1643 855 1705 potui,
896 1643 1025 1706 quia
1065 1642 1337 1694 dubitatio
1377 1643 1432 1694 in
1473 1657 1529 1694 re
1565 1643 1718 1694 nulla
1758 1649 1888 1702 erat,

196 1720 519 1776 persecutus
543 1744 606 1750 ——
632 1715 730 1767 sed
754 1716 841 1767 his
865 1717 1028 1767 rebus
1056 1717 1402 1768 concluditur
1425 1717 1675 1780 profecto
1695 1723 1750 1769 et
1774 1719 1883 1769 vir-
1909 1733 1954 1768 20

199 1793 344 1839 tutes
380 1803 573 1841 omnes
611 1795 665 1841 et
700 1790 994 1842 honestum
1032 1790 1186 1849 illud,
1225 1791 1375 1854 quod
1412 1806 1480 1842 ex
1514 1792 1580 1843 iis
1620 1792 1794 1843 oritur
1828 1798 1884 1843 et

109 1875 164 1915 65
201 1863 256 1912 in
287 1863 355 1914 iis
388 1863 590 1922 haeret,
624 1878 721 1927 per
752 1878 812 1916 se
844 1878 967 1916 esse
1000 1866 1388 1928 expetendum.
1427 1866 1481 1916 in
1517 1867 1667 1917 omni
1700 1871 1885 1917 autem

201 1936 450 1995 honesto,
492 1937 560 1988 de
601 1952 711 2001 quo
751 1938 1043 2002 loquimur,
1083 1939 1342 1991 nihil'est
1382 1945 1493 1991 tam
1531 1940 1743 1991 illustre
1786 1954 1887 1991 nec

201 2010 348 2073 quod
401 2010 568 2063 latius
621 2017 808 2075 pateat
861 2027 1025 2076 quam
1078 2014 1389 2065 coniunctio
1442 2014 1583 2064 inter
1633 2014 1885 2065 homines

200 2084 485 2135 hominum
518 2091 572 2137 et
607 2086 764 2150 quasi
799 2087 1072 2150 quaedam
1107 2089 1342 2139 societas
1376 2093 1430 2139 et
1463 2089 1886 2139 communicatio
1911 2104 1956 2139 25

201 2158 501 2211 utilitatum
539 2166 593 2211 et
632 2161 756 2223 ipsa
794 2162 993 2212 caritas
1031 2163 1249 2225 generis
1288 2161 1530 2213 humani.
1581 2177 1722 2225 quae
1757 2168 1886 2213 nata

201 2234 437 2296 aprimo
481 2240 620 2292 satu,
667 2235 815 2298 quod
859 2249 893 2285 a
936 2236 1379 2298 procreatoribus
1422 2237 1535 2287 nati
1582 2236 1887 2300 diliguntur

201 2313 255 2359 et
294 2313 412 2359 tota
455 2308 655 2360 domus
699 2310 957 2372 coniugio
999 2316 1053 2361 et
1096 2311 1266 2373 stirpe
1309 2311 1674 2374 coniungitur,
1715 2311 1885 2374 serpit

201 2382 405 2432 sensim
430 2381 599 2442 foras,
627 2384 1051 2446 cognationibus
1076 2385 1330 2447 primum,
1354 2390 1470 2435 tum
1497 2384 1884 2443 affinitatibuS,

201 2455 402 2507 deinde
434 2457 704 2515 amicitiis,
740 2463 868 2520 post
899 2458 1289 2517 vicinitatibuS‚
1323 2463 1439 2510 tum
1475 2459 1686 2510 civibus
1719 2464 1773 2510 et
1802 2459 1883 2517 iis,
1908 2476 1954 2511 30

199 2529 291 2592 qui
323 2530 541 2593 publice
575 2531 708 2582 socii
740 2537 906 2594 atque
936 2532 1097 2583 amici
1131 2537 1272 2591 sunt,
1306 2532 1506 2583 deinde
1533 2534 1703 2584 totius
1738 2547 1882 2584 com-

314 2703 342 2743 4
383 2703 551 2745 talibus
594 2715 699 2754 exp.
822 2705 1013 2746 refertae
1046 2705 1166 2747 Non.
1197 2718 1244 2756 p.
1269 2699 1356 2746 '309
1514 2705 1541 2746 5
1583 2702 1756 2754 verum]
1801 2705 1886 2746 sed

194 2761 313 2803 Non.
436 2763 462 2804 7
495 2763 679 2813 regibus
712 2765 918 2805 misimus
949 2764 1032 2805 BE
1075 2761 1302 2814 (misimus
1334 2775 1488 2815 regem
1522 2765 1883 2805 municissimum

196 2822 422 2870 menibus,
454 2823 553 2864 rell.
580 2834 684 2872 om„
717 2821 773 2874 R)
906 2823 955 2864 11
993 2826 1081 2865 del.
1104 2824 1214 2865 Vlct.
1351 2823 1404 2866 13
1437 2823 1579 2864 filiam
1611 2822 1886 2865 interficeret

195 2878 277 2920 BE
430 2881 484 2922 14
517 2882 628 2932 quin
660 2883 752 2924 NV
784 2884 862 2933 qui
894 2882 1023 2924 BER
1177 2882 1231 2924 18
1264 2884 1458 2925 breviter
1489 2883 1712 2932 expositis
1743 2882 1825 2923 BE

196 2938 249 2978 21
285 2950 343 2980 ex
381 2941 468 2990 hijs
506 2941 747 2983 virtutibus
787 2943 925 2984 oritur
962 2943 1004 2983 N
1154 2942 1210 2983 22
1243 2943 1299 2983 iis
1330 2943 1454 2983 Mdv.
1495 2942 1566 2982 his
1597 2941 1636 2983 R
1674 2941 1762 2991 hijs
1793 2942 1884 2983 NV

197 2996 285 3037 illis
316 2998 398 3038 BE
519 2998 689 3050 autem]
724 3001 846 3042 enlm
879 3001 961 3042 BE
