2002 3068
52 54 274 106 §34—39
552 45 637 92 DE
670 44 922 91 FINIBUS
957 43 1105 90 BON.
1140 43 1217 88 ET
1251 42 1402 89 MAL.
1764 49 1825 98 17

138 197 311 243 turam
346 190 522 253 ipsam
556 192 742 238 movet
775 191 828 237 et
861 200 984 236 cum
1019 185 1355 236 iucunditate
1388 183 1628 247 quadam
1663 184 1829 246 perci-

137 267 279 329 pitur
296 264 563 323 sensibuS,
589 262 687 313 sed
705 262 1001 312 maximam
1019 260 1360 323 voluptatem
1379 258 1526 309 illam
1546 258 1830 316 habemuS‚

139 354 281 404 quae
316 339 604 402 percipitur
643 336 794 388 omni
833 334 1024 386 dolore
1065 334 1320 385 detract0.
1383 347 1510 384 narn
1553 334 1831 396 quoniam,

140 429 263 465 cum
298 415 571 477 privamur
604 411 808 470 dolore,
842 411 962 473 ipsa
995 409 1316 460 liberatione
1343 414 1395 459 et
1418 409 1692 459 vacuitate
1718 422 1832 458 om-

91 499 114 534 5
138 491 222 540 nis
255 488 542 540 molestiae
582 485 904 550 gaudemuS,
946 498 1112 535 omne
1153 489 1337 534 autem
1371 483 1441 543 id,
1483 497 1594 547 quo
1628 482 1833 546 gaude-

138 578 275 623 muS,
307 563 563 625 voluptas
590 566 685 619 est,
720 565 777 610 ut
803 573 982 618 omne,
1018 573 1128 622 quo
1157 558 1499 616 offendimur,
1534 557 1704 616 dolor,
1738 557 1834 607 do-

138 639 265 690 loris
310 638 489 688 omnis
533 635 763 699 privatio
809 639 952 685 recte
992 634 1277 684 nominata
1321 638 1403 684 est
1441 632 1714 695 voluptaS.
1777 637 1835 682 ut

139 714 299 771 enim,
344 726 467 762 cum
502 711 624 761 cibo
659 715 712 760 et
744 710 970 772 potione
1003 708 1176 759 fames
1210 709 1438 771 sitisque
1472 707 1705 770 depulsa
1738 712 1834 765 est,

140 789 260 851 ipsa
292 786 552 837 detractio
586 784 872 835 molestiae
907 784 1356 834 consecutionem
1398 782 1551 832 affert
1582 781 1834 845 volupta-

72 871 115 907 ιο
139 864 220 921 tis,
261 862 339 912 sic
378 862 432 910 in
467 861 616 911 omni
650 873 704 910 re
738 859 942 909 doloris
976 859 1182 909 amotio
1217 857 1626 908 successionem
1672 856 1836 907 efficit

138 936 449 999 voluptatis,
504 936 688 998 itaque
736 948 848 984 non
894 933 1097 996 placuit
1140 932 1370 995 Epicuro
1419 931 1664 982 medium
1711 945 1834 982 esse

140 1010 403 1075 quiddam
444 1011 580 1060 inter
621 1008 868 1060 dolorem
911 1013 964 1058 et
995 1007 1361 1070 voluptatem;
1402 1006 1535 1057 illud
1578 1007 1725 1057 enim
1759 1007 1836 1069 ip-

139 1101 275 1145 sum,
321 1084 471 1148 quod
517 1083 848 1147 quibusdam
894 1082 1138 1133 medium
1178 1081 1465 1140 videretur,
1515 1096 1639 1132 cum
1685 1081 1836 1131 omni

140 1160 330 1211 dolore
355 1163 571 1218 careret,
596 1172 709 1209 non
736 1158 904 1208 modo
930 1157 1272 1220 voluptatem
1299 1170 1436 1215 esse,
1461 1170 1652 1206 verum
1671 1157 1836 1206 etiam

74 1244 116 1279 15
139 1248 411 1285 summam
450 1233 807 1296 voluptatem.
864 1233 1113 1295 quisquis
1155 1232 1301 1281 enim
1343 1232 1519 1290 sentit,
1562 1245 1727 1294 quem
1766 1230 1836 1281 ad

139 1309 366 1361 modum
400 1309 468 1360 sit
500 1308 742 1367 affectuS,
784 1321 910 1358 eum
951 1320 1178 1357 necesse
1213 1311 1295 1358 est
1338 1311 1432 1356 aut
1465 1307 1519 1355 in
1551 1305 1837 1368 voluptate

140 1398 262 1435 esse
309 1388 403 1443 aut
450 1384 505 1433 in
550 1382 754 1433 dolore.
826 1383 1006 1432 omnis
1051 1386 1235 1432 autem
1281 1381 1587 1443 privatione
1632 1380 1838 1431 doloris

141 1463 295 1522 putat
308 1458 573 1521 Epicurus
598 1457 872 1508 terminari
891 1470 1165 1507 summam
1182 1455 1540 1518 voluptatem,
1568 1460 1625 1505 ut
1644 1460 1839 1518 postea

139 1534 333 1584 variari
356 1533 614 1595 voluptas
647 1531 1020 1595 distinguique
1054 1531 1241 1594 possit,
1275 1531 1462 1594 augeri
1495 1530 1839 1593 amplificari-

73 1616 118 1651 20
141 1622 250 1672 que
282 1622 394 1658 non
421 1608 608 1671 possit.
656 1606 728 1657 At
753 1607 917 1657 etiam
943 1605 1190 1665 Athenis,
1222 1610 1281 1655 ut
1307 1619 1337 1655 e
1364 1610 1515 1668 patre
1541 1604 1837 1655 audiebam

142 1683 315 1734 facete
356 1687 409 1732 et
447 1682 654 1732 urbane
688 1680 903 1732 Stoicos
944 1680 1211 1739 irridente,
1253 1685 1432 1730 statua
1473 1684 1555 1730 est
1594 1680 1648 1729 in
1684 1678 1840 1730 Cera-

142 1750 285 1808 mico
328 1755 614 1820 Chrysippi
655 1755 897 1807 sedentis
942 1760 1188 1818 porrecta
1227 1768 1410 1813 manu,
1459 1768 1602 1817 quae
1643 1768 1840 1804 manus

143 1831 412 1896 significet
455 1831 607 1881 illum
651 1831 705 1880 in
751 1831 854 1880 hac
898 1844 1020 1880 esse
1064 1829 1442 1893 rogatiuncula
1487 1828 1839 1880 delectatum:

144 1900 578 1969 ‘Numquidnam
610 1919 808 1955 manus
841 1910 935 1955 tua
959 1906 1038 1955 sic
1070 1904 1279 1963 affecta,
1322 1918 1487 1967 quem
1514 1903 1585 1954 ad
1611 1904 1839 1955 modum

74 1989 119 2024 Z
143 1980 339 2031 affecta
377 1994 524 2031 nunc
565 1985 659 2038 est,
705 1974 1034 2030 desiderat?
1070 2004 1139 2011 —
1173 1979 1319 2029 Nihil
1362 1992 1510 2029 sane.
1545 2003 1614 2011 —-
1649 1973 1753 2038 ‘An
1795 1980 1840 2029 si

143 2055 400 2118 voluptas
444 2060 589 2105 esset
636 2055 860 2113 bonum,
910 2049 1275 2104 desideraret.’
1321 2079 1390 2085 —
1431 2053 1509 2104 Ita
1550 2053 1728 2104 credo,
1771 2078 1840 2085 -—

145 2125 289 2181 ‘Non
324 2135 406 2180 est
438 2130 598 2193 igitur
621 2129 879 2192 voluptas
912 2123 1156 2180 bonum.'
1214 2127 1335 2179 Hoc
1366 2142 1436 2178 ne
1462 2132 1698 2178 statuam
1726 2129 1842 2191 qui-

145 2204 271 2255 dem
298 2204 562 2255 dicturam
596 2209 748 2267 pater
781 2204 976 2263 aiebat,
1010 2204 1055 2254 si
1081 2203 1233 2266 loqui
1260 2207 1462 2265 posset.
1520 2202 1841 2254 conclusum

145 2284 227 2329 est
259 2279 405 2330 enim
439 2284 627 2330 contra
652 2277 980 2342 Cyrenaicos
1014 2279 1145 2328 satis
1179 2282 1351 2336 acute,
1383 2277 1517 2327 nihil
1551 2278 1622 2328 ad
1651 2277 1843 2340 Epicu-

76 2362 121 2397 30
146 2368 278 2404 rum.
334 2367 462 2403 nam
503 2354 548 2403 si
590 2367 657 2403 ea
696 2353 816 2404 sola
847 2352 1104 2415 voluptas
1145 2357 1303 2411 esset,
1352 2366 1495 2415 quae
1529 2354 1686 2416 quasi
1721 2353 1843 2404 titil-

146 2427 278 2478 laret
310 2441 520 2486 sensuS,
553 2432 612 2477 ut
644 2428 719 2477 ita
751 2427 945 2486 dicam,
987 2432 1040 2477 et
1072 2427 1143 2477 ad
1178 2441 1275 2478 eos
1308 2441 1432 2478 cum
1466 2429 1736 2479 suavitate
1770 2427 1844 2478 ai-

146 2501 336 2552 flueret
355 2507 406 2552 et
425 2501 746 2560 illaberetur,
772 2515 874 2552 nec
898 2515 1094 2551 manus
1121 2515 1243 2552 esse
1262 2507 1519 2553 contenta
1536 2508 1724 2565 posset
1742 2516 1844 2553 nec

222 2648 276 2690 12
311 2649 530 2699 quiddam
548 2648 591 2689 A
618 2649 852 2699 quoddam
918 2648 973 2691 13
997 2650 1226 2691 videretur
1248 2650 1289 2691 N
1304 2646 1381 2700 (2),
1406 2651 1575 2699 Rath.,·
1599 2651 1778 2692 videtur

146 2719 248 2749 cum
274 2719 364 2749 om.
381 2708 420 2750 R
536 2708 589 2748 17
616 2709 767 2749 omnis
783 2709 945 2750 Morel.
976 2710 1102 2750 omni
1217 2709 1275 2750 20
1300 2712 1456 2759 epatre
1473 2709 1566 2750 AN
1668 2710 1720 2752 21
1750 2712 1842 2752 irri-

147 2767 286 2809 dente
318 2767 355 2809 R
394 2768 622 2809 arridente
766 2767 822 2808 26
867 2768 1004 2810 credo
1045 2769 1108 2809 ita
1146 2768 1183 2809 B
1225 2765 1526 2818 (desideraret
1551 2788 1604 2796 —-
1630 2771 1844 2821 voluptas

148 2827 320 2868 bonum
353 2839 442 2869 om.
475 2825 530 2877 E)
645 2827 701 2869 32
735 2837 822 2868 nec
854 2828 947 2868 ulla
980 2839 1061 2878 par
1083 2827 1126 2869 A
1158 2831 1206 2869 ut
1238 2829 1331 2869 ulla
1364 2839 1467 2879 pars
1494 2828 1575 2869 BE
1607 2830 1700 2871 ulla
1732 2827 1842 2881 (om.

148 2897 234 2927 nec
265 2889 312 2928 et
343 2884 466 2938 pars)
498 2887 586 2929 RN
620 2887 697 2927 illa
728 2883 838 2937 (om.
871 2898 959 2929 nec
991 2890 1038 2929 et
1069 2885 1192 2939 pars)
1225 2887 1267 2930 V

223 2968 308 3007 Cic.
331 2970 378 3006 43
1548 2977 1575 3019 2

1868 936 1924 978 38

1872 1612 1928 1652 39
